%YAML 1.1
%TAG !u! tag:unity3d.com,2011:
--- !u!1 &1679289194826430881
GameObject:
  m_ObjectHideFlags: 0
  m_CorrespondingSourceObject: {fileID: 0}
  m_PrefabInstance: {fileID: 0}
  m_PrefabAsset: {fileID: 0}
  serializedVersion: 6
  m_Component:
  - component: {fileID: 7493490476274090496}
  - component: {fileID: 2989009623556748821}
  - component: {fileID: 2086855015263435016}
  m_Layer: 5
  m_Name: Text (Legacy)
  m_TagString: Untagged
  m_Icon: {fileID: 0}
  m_NavMeshLayer: 0
  m_StaticEditorFlags: 0
  m_IsActive: 1
--- !u!224 &7493490476274090496
RectTransform:
  m_ObjectHideFlags: 0
  m_CorrespondingSourceObject: {fileID: 0}
  m_PrefabInstance: {fileID: 0}
  m_PrefabAsset: {fileID: 0}
  m_GameObject: {fileID: 1679289194826430881}
  m_LocalRotation: {x: 0, y: 0, z: 0, w: 1}
  m_LocalPosition: {x: 0, y: 0, z: 0}
  m_LocalScale: {x: 0.01, y: 0.01, z: 1}
  m_ConstrainProportionsScale: 0
  m_Children: []
  m_Father: {fileID: 4349081730303317785}
  m_RootOrder: 0
  m_LocalEulerAnglesHint: {x: 0, y: 0, z: 0}
  m_AnchorMin: {x: 0.5, y: 0.5}
  m_AnchorMax: {x: 0.5, y: 0.5}
  m_AnchoredPosition: {x: 0, y: 0}
  m_SizeDelta: {x: 150, y: 150}
  m_Pivot: {x: 0.5, y: 0.5}
--- !u!222 &2989009623556748821
CanvasRenderer:
  m_ObjectHideFlags: 0
  m_CorrespondingSourceObject: {fileID: 0}
  m_PrefabInstance: {fileID: 0}
  m_PrefabAsset: {fileID: 0}
  m_GameObject: {fileID: 1679289194826430881}
  m_CullTransparentMesh: 1
--- !u!114 &2086855015263435016
MonoBehaviour:
  m_ObjectHideFlags: 0
  m_CorrespondingSourceObject: {fileID: 0}
  m_PrefabInstance: {fileID: 0}
  m_PrefabAsset: {fileID: 0}
  m_GameObject: {fileID: 1679289194826430881}
  m_Enabled: 1
  m_EditorHideFlags: 0
  m_Script: {fileID: 11500000, guid: 5f7201a12d95ffc409449d95f23cf332, type: 3}
  m_Name: 
  m_EditorClassIdentifier: 
  m_Material: {fileID: 0}
  m_Color: {r: 0, g: 0.666667, b: 1, a: 1}
  m_RaycastTarget: 1
  m_RaycastPadding: {x: 0, y: 0, z: 0, w: 0}
  m_Maskable: 1
  m_OnCullStateChanged:
    m_PersistentCalls:
      m_Calls: []
  m_FontData:
    m_Font: {fileID: 12800000, guid: 92daf759361272c4e8a260a65f307167, type: 3}
    m_FontSize: 14
    m_FontStyle: 0
    m_BestFit: 1
    m_MinSize: 10
    m_MaxSize: 80
    m_Alignment: 4
    m_AlignByGeometry: 0
    m_RichText: 1
    m_HorizontalOverflow: 0
    m_VerticalOverflow: 0
    m_LineSpacing: 1
  m_Text: 10
--- !u!1 &6058484611946660545
GameObject:
  m_ObjectHideFlags: 0
  m_CorrespondingSourceObject: {fileID: 0}
  m_PrefabInstance: {fileID: 0}
  m_PrefabAsset: {fileID: 0}
  serializedVersion: 6
  m_Component:
  - component: {fileID: 6939949449460918773}
  - component: {fileID: -9145925269866150249}
  m_Layer: 0
  m_Name: Blue
  m_TagString: Untagged
  m_Icon: {fileID: 0}
  m_NavMeshLayer: 0
  m_StaticEditorFlags: 0
  m_IsActive: 1
--- !u!4 &6939949449460918773
Transform:
  m_ObjectHideFlags: 0
  m_CorrespondingSourceObject: {fileID: 0}
  m_PrefabInstance: {fileID: 0}
  m_PrefabAsset: {fileID: 0}
  m_GameObject: {fileID: 6058484611946660545}
  m_LocalRotation: {x: -0, y: -0, z: -0, w: 1}
  m_LocalPosition: {x: 0, y: 0, z: 0}
  m_LocalScale: {x: 1, y: 1.5, z: 1}
  m_ConstrainProportionsScale: 0
  m_Children:
  - {fileID: 1969333023574622402}
  - {fileID: 8484117872779749575}
  - {fileID: 4349081730303317785}
  m_Father: {fileID: 0}
  m_RootOrder: 0
  m_LocalEulerAnglesHint: {x: 0, y: 0, z: 0}
--- !u!114 &-9145925269866150249
MonoBehaviour:
  m_ObjectHideFlags: 0
  m_CorrespondingSourceObject: {fileID: 0}
  m_PrefabInstance: {fileID: 0}
  m_PrefabAsset: {fileID: 0}
  m_GameObject: {fileID: 6058484611946660545}
  m_Enabled: 1
  m_EditorHideFlags: 0
  m_Script: {fileID: 11500000, guid: c79aa05dbbd93ac429d13935c8dd2e00, type: 3}
  m_Name: 
  m_EditorClassIdentifier: 
  colorId: 1
  text: {fileID: 2086855015263435016}
  vfx: {fileID: 8480345556742229763}
--- !u!1 &9112261950769951675
GameObject:
  m_ObjectHideFlags: 0
  m_CorrespondingSourceObject: {fileID: 0}
  m_PrefabInstance: {fileID: 0}
  m_PrefabAsset: {fileID: 0}
  serializedVersion: 6
  m_Component:
  - component: {fileID: 4349081730303317785}
  - component: {fileID: 5039605139919772546}
  - component: {fileID: 1823891562678892953}
  - component: {fileID: 4163667304380049258}
  m_Layer: 5
  m_Name: Canvas
  m_TagString: Untagged
  m_Icon: {fileID: 0}
  m_NavMeshLayer: 0
  m_StaticEditorFlags: 0
  m_IsActive: 1
--- !u!224 &4349081730303317785
RectTransform:
  m_ObjectHideFlags: 0
  m_CorrespondingSourceObject: {fileID: 0}
  m_PrefabInstance: {fileID: 0}
  m_PrefabAsset: {fileID: 0}
  m_GameObject: {fileID: 9112261950769951675}
  m_LocalRotation: {x: 0.7071068, y: 0, z: 0, w: 0.7071068}
  m_LocalPosition: {x: 0, y: 0, z: 0}
  m_LocalScale: {x: 1, y: 1, z: 1}
  m_ConstrainProportionsScale: 0
  m_Children:
  - {fileID: 7493490476274090496}
  m_Father: {fileID: 6939949449460918773}
  m_RootOrder: 2
  m_LocalEulerAnglesHint: {x: 90, y: 0, z: 0}
  m_AnchorMin: {x: 0, y: 0}
  m_AnchorMax: {x: 0, y: 0}
  m_AnchoredPosition: {x: 0, y: 0.141}
  m_SizeDelta: {x: 0, y: 0}
  m_Pivot: {x: 0.5, y: 0.5}
--- !u!223 &5039605139919772546
Canvas:
  m_ObjectHideFlags: 0
  m_CorrespondingSourceObject: {fileID: 0}
  m_PrefabInstance: {fileID: 0}
  m_PrefabAsset: {fileID: 0}
  m_GameObject: {fileID: 9112261950769951675}
  m_Enabled: 1
  serializedVersion: 3
  m_RenderMode: 2
  m_Camera: {fileID: 0}
  m_PlaneDistance: 100
  m_PixelPerfect: 0
  m_ReceivesEvents: 1
  m_OverrideSorting: 0
  m_OverridePixelPerfect: 0
  m_SortingBucketNormalizedSize: 0
  m_AdditionalShaderChannelsFlag: 0
  m_SortingLayerID: 0
  m_SortingOrder: 0
  m_TargetDisplay: 0
--- !u!114 &1823891562678892953
MonoBehaviour:
  m_ObjectHideFlags: 0
  m_CorrespondingSourceObject: {fileID: 0}
  m_PrefabInstance: {fileID: 0}
  m_PrefabAsset: {fileID: 0}
  m_GameObject: {fileID: 9112261950769951675}
  m_Enabled: 1
  m_EditorHideFlags: 0
  m_Script: {fileID: 11500000, guid: 0cd44c1031e13a943bb63640046fad76, type: 3}
  m_Name: 
  m_EditorClassIdentifier: 
  m_UiScaleMode: 0
  m_ReferencePixelsPerUnit: 100
  m_ScaleFactor: 1
  m_ReferenceResolution: {x: 800, y: 600}
  m_ScreenMatchMode: 0
  m_MatchWidthOrHeight: 0
  m_PhysicalUnit: 3
  m_FallbackScreenDPI: 96
  m_DefaultSpriteDPI: 96
  m_DynamicPixelsPerUnit: 1
  m_PresetInfoIsWorld: 1
--- !u!114 &4163667304380049258
MonoBehaviour:
  m_ObjectHideFlags: 0
  m_CorrespondingSourceObject: {fileID: 0}
  m_PrefabInstance: {fileID: 0}
  m_PrefabAsset: {fileID: 0}
  m_GameObject: {fileID: 9112261950769951675}
  m_Enabled: 1
  m_EditorHideFlags: 0
  m_Script: {fileID: 11500000, guid: dc42784cf147c0c48a680349fa168899, type: 3}
  m_Name: 
  m_EditorClassIdentifier: 
  m_IgnoreReversedGraphics: 1
  m_BlockingObjects: 0
  m_BlockingMask:
    serializedVersion: 2
    m_Bits: 4294967295
--- !u!1001 &4135205178855360971
PrefabInstance:
  m_ObjectHideFlags: 0
  serializedVersion: 2
  m_Modification:
    m_TransformParent: {fileID: 6939949449460918773}
    m_Modifications:
    - target: {fileID: 2465521509999511817, guid: 4eb479cf4c2a09f41b77005df87e23f3,
        type: 3}
      propertyPath: m_RootOrder
      value: 0
      objectReference: {fileID: 0}
    - target: {fileID: 2465521509999511817, guid: 4eb479cf4c2a09f41b77005df87e23f3,
        type: 3}
      propertyPath: m_LocalScale.x
      value: 1
      objectReference: {fileID: 0}
    - target: {fileID: 2465521509999511817, guid: 4eb479cf4c2a09f41b77005df87e23f3,
        type: 3}
      propertyPath: m_LocalScale.y
      value: 1
      objectReference: {fileID: 0}
    - target: {fileID: 2465521509999511817, guid: 4eb479cf4c2a09f41b77005df87e23f3,
        type: 3}
      propertyPath: m_LocalScale.z
      value: 1
      objectReference: {fileID: 0}
    - target: {fileID: 2465521509999511817, guid: 4eb479cf4c2a09f41b77005df87e23f3,
        type: 3}
      propertyPath: m_LocalPosition.x
      value: 0
      objectReference: {fileID: 0}
    - target: {fileID: 2465521509999511817, guid: 4eb479cf4c2a09f41b77005df87e23f3,
        type: 3}
      propertyPath: m_LocalPosition.y
      value: 0
      objectReference: {fileID: 0}
    - target: {fileID: 2465521509999511817, guid: 4eb479cf4c2a09f41b77005df87e23f3,
        type: 3}
      propertyPath: m_LocalPosition.z
      value: 0
      objectReference: {fileID: 0}
    - target: {fileID: 2465521509999511817, guid: 4eb479cf4c2a09f41b77005df87e23f3,
        type: 3}
      propertyPath: m_LocalRotation.w
      value: 1
      objectReference: {fileID: 0}
    - target: {fileID: 2465521509999511817, guid: 4eb479cf4c2a09f41b77005df87e23f3,
        type: 3}
      propertyPath: m_LocalRotation.x
      value: 0
      objectReference: {fileID: 0}
    - target: {fileID: 2465521509999511817, guid: 4eb479cf4c2a09f41b77005df87e23f3,
        type: 3}
      propertyPath: m_LocalRotation.y
      value: 0
      objectReference: {fileID: 0}
    - target: {fileID: 2465521509999511817, guid: 4eb479cf4c2a09f41b77005df87e23f3,
        type: 3}
      propertyPath: m_LocalRotation.z
      value: 0
      objectReference: {fileID: 0}
    - target: {fileID: 2465521509999511817, guid: 4eb479cf4c2a09f41b77005df87e23f3,
        type: 3}
      propertyPath: m_LocalEulerAnglesHint.x
      value: 0
      objectReference: {fileID: 0}
    - target: {fileID: 2465521509999511817, guid: 4eb479cf4c2a09f41b77005df87e23f3,
        type: 3}
      propertyPath: m_LocalEulerAnglesHint.y
      value: 0
      objectReference: {fileID: 0}
    - target: {fileID: 2465521509999511817, guid: 4eb479cf4c2a09f41b77005df87e23f3,
        type: 3}
      propertyPath: m_LocalEulerAnglesHint.z
      value: 0
      objectReference: {fileID: 0}
    - target: {fileID: 6864897268521539654, guid: 4eb479cf4c2a09f41b77005df87e23f3,
        type: 3}
      propertyPath: m_Name
      value: Circle.045 (1)
      objectReference: {fileID: 0}
    - target: {fileID: 6864897268521539654, guid: 4eb479cf4c2a09f41b77005df87e23f3,
        type: 3}
      propertyPath: m_IsActive
      value: 1
      objectReference: {fileID: 0}
    - target: {fileID: 7194584889529651941, guid: 4eb479cf4c2a09f41b77005df87e23f3,
        type: 3}
      propertyPath: m_Materials.Array.data[0]
      value: 
      objectReference: {fileID: 2100000, guid: 0a7aef1c1e5aae64fa195fc94e9530f7, type: 2}
    - target: {fileID: 7689009611820595256, guid: 4eb479cf4c2a09f41b77005df87e23f3,
        type: 3}
      propertyPath: m_Mesh
      value: 
      objectReference: {fileID: 4300000, guid: 6cc2f166340d88242969411a8b879e3c, type: 2}
    m_RemovedComponents: []
  m_SourcePrefab: {fileID: 100100000, guid: 4eb479cf4c2a09f41b77005df87e23f3, type: 3}
--- !u!4 &1969333023574622402 stripped
Transform:
  m_CorrespondingSourceObject: {fileID: 2465521509999511817, guid: 4eb479cf4c2a09f41b77005df87e23f3,
    type: 3}
  m_PrefabInstance: {fileID: 4135205178855360971}
  m_PrefabAsset: {fileID: 0}
--- !u!1001 &8481334247386607097
PrefabInstance:
  m_ObjectHideFlags: 0
  serializedVersion: 2
  m_Modification:
    m_TransformParent: {fileID: 6939949449460918773}
    m_Modifications:
    - target: {fileID: 1123519404155642, guid: 9823f61a7e929c6468def83c27560f48, type: 3}
      propertyPath: m_Name
      value: MagicCircleSimpleGreen
      objectReference: {fileID: 0}
    - target: {fileID: 1123519404155642, guid: 9823f61a7e929c6468def83c27560f48, type: 3}
      propertyPath: m_IsActive
      value: 0
      objectReference: {fileID: 0}
    - target: {fileID: 1487442325603582, guid: 9823f61a7e929c6468def83c27560f48, type: 3}
      propertyPath: m_IsActive
      value: 1
      objectReference: {fileID: 0}
    - target: {fileID: 1502293483572340, guid: 9823f61a7e929c6468def83c27560f48, type: 3}
      propertyPath: m_IsActive
      value: 1
      objectReference: {fileID: 0}
    - target: {fileID: 4051489815332158, guid: 9823f61a7e929c6468def83c27560f48, type: 3}
      propertyPath: m_RootOrder
      value: 1
      objectReference: {fileID: 0}
    - target: {fileID: 4051489815332158, guid: 9823f61a7e929c6468def83c27560f48, type: 3}
      propertyPath: m_LocalScale.x
      value: 1.5
      objectReference: {fileID: 0}
    - target: {fileID: 4051489815332158, guid: 9823f61a7e929c6468def83c27560f48, type: 3}
      propertyPath: m_LocalScale.y
      value: 1.5
      objectReference: {fileID: 0}
    - target: {fileID: 4051489815332158, guid: 9823f61a7e929c6468def83c27560f48, type: 3}
      propertyPath: m_LocalScale.z
      value: 1.5
      objectReference: {fileID: 0}
    - target: {fileID: 4051489815332158, guid: 9823f61a7e929c6468def83c27560f48, type: 3}
      propertyPath: m_LocalPosition.x
      value: 0
      objectReference: {fileID: 0}
    - target: {fileID: 4051489815332158, guid: 9823f61a7e929c6468def83c27560f48, type: 3}
      propertyPath: m_LocalPosition.y
      value: -0.16
      objectReference: {fileID: 0}
    - target: {fileID: 4051489815332158, guid: 9823f61a7e929c6468def83c27560f48, type: 3}
      propertyPath: m_LocalPosition.z
      value: 0
      objectReference: {fileID: 0}
    - target: {fileID: 4051489815332158, guid: 9823f61a7e929c6468def83c27560f48, type: 3}
      propertyPath: m_LocalRotation.w
      value: 0.7071068
      objectReference: {fileID: 0}
    - target: {fileID: 4051489815332158, guid: 9823f61a7e929c6468def83c27560f48, type: 3}
      propertyPath: m_LocalRotation.x
      value: -0.7071068
      objectReference: {fileID: 0}
    - target: {fileID: 4051489815332158, guid: 9823f61a7e929c6468def83c27560f48, type: 3}
      propertyPath: m_LocalRotation.y
      value: 0
      objectReference: {fileID: 0}
    - target: {fileID: 4051489815332158, guid: 9823f61a7e929c6468def83c27560f48, type: 3}
      propertyPath: m_LocalRotation.z
      value: 0
      objectReference: {fileID: 0}
    - target: {fileID: 4051489815332158, guid: 9823f61a7e929c6468def83c27560f48, type: 3}
      propertyPath: m_LocalEulerAnglesHint.x
      value: -90
      objectReference: {fileID: 0}
    - target: {fileID: 4051489815332158, guid: 9823f61a7e929c6468def83c27560f48, type: 3}
      propertyPath: m_LocalEulerAnglesHint.y
      value: 0
      objectReference: {fileID: 0}
    - target: {fileID: 4051489815332158, guid: 9823f61a7e929c6468def83c27560f48, type: 3}
      propertyPath: m_LocalEulerAnglesHint.z
      value: 0
      objectReference: {fileID: 0}
    - target: {fileID: 4051489815332158, guid: 9823f61a7e929c6468def83c27560f48, type: 3}
      propertyPath: m_ConstrainProportionsScale
      value: 1
      objectReference: {fileID: 0}
    - target: {fileID: 198347168768518662, guid: 9823f61a7e929c6468def83c27560f48,
        type: 3}
      propertyPath: InitialModule.startColor.maxColor.b
      value: 1
      objectReference: {fileID: 0}
    - target: {fileID: 198347168768518662, guid: 9823f61a7e929c6468def83c27560f48,
        type: 3}
      propertyPath: InitialModule.startColor.maxColor.g
      value: 1
      objectReference: {fileID: 0}
    - target: {fileID: 198347168768518662, guid: 9823f61a7e929c6468def83c27560f48,
        type: 3}
      propertyPath: InitialModule.startColor.maxColor.r
      value: 1
      objectReference: {fileID: 0}
    - target: {fileID: 198531089443201966, guid: 9823f61a7e929c6468def83c27560f48,
        type: 3}
      propertyPath: InitialModule.startColor.maxColor.b
      value: 0.8726415
      objectReference: {fileID: 0}
    - target: {fileID: 198531089443201966, guid: 9823f61a7e929c6468def83c27560f48,
        type: 3}
      propertyPath: InitialModule.startColor.maxColor.g
      value: 1
      objectReference: {fileID: 0}
    - target: {fileID: 198531089443201966, guid: 9823f61a7e929c6468def83c27560f48,
        type: 3}
      propertyPath: InitialModule.startColor.maxColor.r
      value: 0.8726415
      objectReference: {fileID: 0}
    - target: {fileID: 198899402208397810, guid: 9823f61a7e929c6468def83c27560f48,
        type: 3}
      propertyPath: InitialModule.startColor.maxColor.b
      value: 0.9009434
      objectReference: {fileID: 0}
    - target: {fileID: 198899402208397810, guid: 9823f61a7e929c6468def83c27560f48,
        type: 3}
      propertyPath: InitialModule.startColor.maxColor.g
      value: 1
      objectReference: {fileID: 0}
    - target: {fileID: 198899402208397810, guid: 9823f61a7e929c6468def83c27560f48,
        type: 3}
      propertyPath: InitialModule.startColor.maxColor.r
      value: 0.9009434
      objectReference: {fileID: 0}
    - target: {fileID: 199066348681162154, guid: 9823f61a7e929c6468def83c27560f48,
        type: 3}
      propertyPath: m_Enabled
      value: 0
      objectReference: {fileID: 0}
    m_RemovedComponents: []
  m_SourcePrefab: {fileID: 100100000, guid: 9823f61a7e929c6468def83c27560f48, type: 3}
--- !u!1 &8480345556742229763 stripped
GameObject:
  m_CorrespondingSourceObject: {fileID: 1123519404155642, guid: 9823f61a7e929c6468def83c27560f48,
    type: 3}
  m_PrefabInstance: {fileID: 8481334247386607097}
  m_PrefabAsset: {fileID: 0}
--- !u!114 &8175350096787589457
MonoBehaviour:
  m_ObjectHideFlags: 0
  m_CorrespondingSourceObject: {fileID: 0}
  m_PrefabInstance: {fileID: 0}
  m_PrefabAsset: {fileID: 0}
  m_GameObject: {fileID: 8480345556742229763}
  m_Enabled: 1
  m_EditorHideFlags: 0
  m_Script: {fileID: 11500000, guid: a20cdf14a98ed9848b8ae5524cc70303, type: 3}
  m_Name: 
  m_EditorClassIdentifier: 
  time: 1
--- !u!4 &8484117872779749575 stripped
Transform:
  m_CorrespondingSourceObject: {fileID: 4051489815332158, guid: 9823f61a7e929c6468def83c27560f48,
    type: 3}
  m_PrefabInstance: {fileID: 8481334247386607097}
  m_PrefabAsset: {fileID: 0}
