%YAML 1.1
%TAG !u! tag:unity3d.com,2011:
--- !u!1 &4909785294688873174
GameObject:
  m_ObjectHideFlags: 0
  m_CorrespondingSourceObject: {fileID: 0}
  m_PrefabInstance: {fileID: 0}
  m_PrefabAsset: {fileID: 0}
  serializedVersion: 6
  m_Component:
  - component: {fileID: 8443288844466426750}
  - component: {fileID: 7706350251783436395}
  - component: {fileID: 5279901344551693177}
  m_Layer: 5
  m_Name: Text (Legacy)
  m_TagString: Untagged
  m_Icon: {fileID: 0}
  m_NavMeshLayer: 0
  m_StaticEditorFlags: 0
  m_IsActive: 1
--- !u!224 &8443288844466426750
RectTransform:
  m_ObjectHideFlags: 0
  m_CorrespondingSourceObject: {fileID: 0}
  m_PrefabInstance: {fileID: 0}
  m_PrefabAsset: {fileID: 0}
  m_GameObject: {fileID: 4909785294688873174}
  m_LocalRotation: {x: 0, y: 0, z: 0, w: 1}
  m_LocalPosition: {x: 0, y: 0, z: 0}
  m_LocalScale: {x: 0.01, y: 0.01, z: 1}
  m_ConstrainProportionsScale: 0
  m_Children: []
  m_Father: {fileID: 275081392672893902}
  m_RootOrder: 0
  m_LocalEulerAnglesHint: {x: 0, y: 0, z: 0}
  m_AnchorMin: {x: 0.5, y: 0.5}
  m_AnchorMax: {x: 0.5, y: 0.5}
  m_AnchoredPosition: {x: 0, y: 0}
  m_SizeDelta: {x: 150, y: 150}
  m_Pivot: {x: 0.5, y: 0.5}
--- !u!222 &7706350251783436395
CanvasRenderer:
  m_ObjectHideFlags: 0
  m_CorrespondingSourceObject: {fileID: 0}
  m_PrefabInstance: {fileID: 0}
  m_PrefabAsset: {fileID: 0}
  m_GameObject: {fileID: 4909785294688873174}
  m_CullTransparentMesh: 1
--- !u!114 &5279901344551693177
MonoBehaviour:
  m_ObjectHideFlags: 0
  m_CorrespondingSourceObject: {fileID: 0}
  m_PrefabInstance: {fileID: 0}
  m_PrefabAsset: {fileID: 0}
  m_GameObject: {fileID: 4909785294688873174}
  m_Enabled: 1
  m_EditorHideFlags: 0
  m_Script: {fileID: 11500000, guid: 5f7201a12d95ffc409449d95f23cf332, type: 3}
  m_Name: 
  m_EditorClassIdentifier: 
  m_Material: {fileID: 0}
  m_Color: {r: 0.49056602, g: 0.120866135, b: 0.0763617, a: 1}
  m_RaycastTarget: 1
  m_RaycastPadding: {x: 0, y: 0, z: 0, w: 0}
  m_Maskable: 1
  m_OnCullStateChanged:
    m_PersistentCalls:
      m_Calls: []
  m_FontData:
    m_Font: {fileID: 12800000, guid: 92daf759361272c4e8a260a65f307167, type: 3}
    m_FontSize: 14
    m_FontStyle: 0
    m_BestFit: 1
    m_MinSize: 10
    m_MaxSize: 80
    m_Alignment: 4
    m_AlignByGeometry: 0
    m_RichText: 1
    m_HorizontalOverflow: 0
    m_VerticalOverflow: 0
    m_LineSpacing: 1
  m_Text: 10
--- !u!1 &6058484611946660545
GameObject:
  m_ObjectHideFlags: 0
  m_CorrespondingSourceObject: {fileID: 0}
  m_PrefabInstance: {fileID: 0}
  m_PrefabAsset: {fileID: 0}
  serializedVersion: 6
  m_Component:
  - component: {fileID: 6939949449460918773}
  - component: {fileID: 6074987231235435227}
  m_Layer: 0
  m_Name: Red
  m_TagString: Untagged
  m_Icon: {fileID: 0}
  m_NavMeshLayer: 0
  m_StaticEditorFlags: 0
  m_IsActive: 1
--- !u!4 &6939949449460918773
Transform:
  m_ObjectHideFlags: 0
  m_CorrespondingSourceObject: {fileID: 0}
  m_PrefabInstance: {fileID: 0}
  m_PrefabAsset: {fileID: 0}
  m_GameObject: {fileID: 6058484611946660545}
  m_LocalRotation: {x: -0, y: -0, z: -0, w: 1}
  m_LocalPosition: {x: 0, y: 0, z: 0}
  m_LocalScale: {x: 1, y: 1.5, z: 1}
  m_ConstrainProportionsScale: 0
  m_Children:
  - {fileID: 5465041606827193050}
  - {fileID: 3695340800056039135}
  - {fileID: 275081392672893902}
  m_Father: {fileID: 0}
  m_RootOrder: 0
  m_LocalEulerAnglesHint: {x: 0, y: 0, z: 0}
--- !u!114 &6074987231235435227
MonoBehaviour:
  m_ObjectHideFlags: 0
  m_CorrespondingSourceObject: {fileID: 0}
  m_PrefabInstance: {fileID: 0}
  m_PrefabAsset: {fileID: 0}
  m_GameObject: {fileID: 6058484611946660545}
  m_Enabled: 1
  m_EditorHideFlags: 0
  m_Script: {fileID: 11500000, guid: c79aa05dbbd93ac429d13935c8dd2e00, type: 3}
  m_Name: 
  m_EditorClassIdentifier: 
  colorId: 3
  text: {fileID: 5279901344551693177}
  vfx: {fileID: 3694611938662396187}
--- !u!1 &7527893834528381473
GameObject:
  m_ObjectHideFlags: 0
  m_CorrespondingSourceObject: {fileID: 0}
  m_PrefabInstance: {fileID: 0}
  m_PrefabAsset: {fileID: 0}
  serializedVersion: 6
  m_Component:
  - component: {fileID: 275081392672893902}
  - component: {fileID: 2150920247063703769}
  - component: {fileID: 1980803475359984382}
  - component: {fileID: 5723220441695173671}
  m_Layer: 5
  m_Name: Canvas
  m_TagString: Untagged
  m_Icon: {fileID: 0}
  m_NavMeshLayer: 0
  m_StaticEditorFlags: 0
  m_IsActive: 1
--- !u!224 &275081392672893902
RectTransform:
  m_ObjectHideFlags: 0
  m_CorrespondingSourceObject: {fileID: 0}
  m_PrefabInstance: {fileID: 0}
  m_PrefabAsset: {fileID: 0}
  m_GameObject: {fileID: 7527893834528381473}
  m_LocalRotation: {x: 0.7071068, y: -0, z: -0, w: 0.7071068}
  m_LocalPosition: {x: 0, y: 0, z: 0}
  m_LocalScale: {x: 1, y: 1, z: 1}
  m_ConstrainProportionsScale: 0
  m_Children:
  - {fileID: 8443288844466426750}
  m_Father: {fileID: 6939949449460918773}
  m_RootOrder: 2
  m_LocalEulerAnglesHint: {x: 90, y: 0, z: 0}
  m_AnchorMin: {x: 0, y: 0}
  m_AnchorMax: {x: 0, y: 0}
  m_AnchoredPosition: {x: 0, y: 0.141}
  m_SizeDelta: {x: 0, y: 0}
  m_Pivot: {x: 0.5, y: 0.5}
--- !u!223 &2150920247063703769
Canvas:
  m_ObjectHideFlags: 0
  m_CorrespondingSourceObject: {fileID: 0}
  m_PrefabInstance: {fileID: 0}
  m_PrefabAsset: {fileID: 0}
  m_GameObject: {fileID: 7527893834528381473}
  m_Enabled: 1
  serializedVersion: 3
  m_RenderMode: 2
  m_Camera: {fileID: 0}
  m_PlaneDistance: 100
  m_PixelPerfect: 0
  m_ReceivesEvents: 1
  m_OverrideSorting: 0
  m_OverridePixelPerfect: 0
  m_SortingBucketNormalizedSize: 0
  m_AdditionalShaderChannelsFlag: 0
  m_SortingLayerID: 0
  m_SortingOrder: 0
  m_TargetDisplay: 0
--- !u!114 &1980803475359984382
MonoBehaviour:
  m_ObjectHideFlags: 0
  m_CorrespondingSourceObject: {fileID: 0}
  m_PrefabInstance: {fileID: 0}
  m_PrefabAsset: {fileID: 0}
  m_GameObject: {fileID: 7527893834528381473}
  m_Enabled: 1
  m_EditorHideFlags: 0
  m_Script: {fileID: 11500000, guid: 0cd44c1031e13a943bb63640046fad76, type: 3}
  m_Name: 
  m_EditorClassIdentifier: 
  m_UiScaleMode: 0
  m_ReferencePixelsPerUnit: 100
  m_ScaleFactor: 1
  m_ReferenceResolution: {x: 800, y: 600}
  m_ScreenMatchMode: 0
  m_MatchWidthOrHeight: 0
  m_PhysicalUnit: 3
  m_FallbackScreenDPI: 96
  m_DefaultSpriteDPI: 96
  m_DynamicPixelsPerUnit: 1
  m_PresetInfoIsWorld: 1
--- !u!114 &5723220441695173671
MonoBehaviour:
  m_ObjectHideFlags: 0
  m_CorrespondingSourceObject: {fileID: 0}
  m_PrefabInstance: {fileID: 0}
  m_PrefabAsset: {fileID: 0}
  m_GameObject: {fileID: 7527893834528381473}
  m_Enabled: 1
  m_EditorHideFlags: 0
  m_Script: {fileID: 11500000, guid: dc42784cf147c0c48a680349fa168899, type: 3}
  m_Name: 
  m_EditorClassIdentifier: 
  m_IgnoreReversedGraphics: 1
  m_BlockingObjects: 0
  m_BlockingMask:
    serializedVersion: 2
    m_Bits: 4294967295
--- !u!1001 &3694667130220319713
PrefabInstance:
  m_ObjectHideFlags: 0
  serializedVersion: 2
  m_Modification:
    m_TransformParent: {fileID: 6939949449460918773}
    m_Modifications:
    - target: {fileID: 1123519404155642, guid: 9823f61a7e929c6468def83c27560f48, type: 3}
      propertyPath: m_Name
      value: MagicCircleSimpleGreen
      objectReference: {fileID: 0}
    - target: {fileID: 1123519404155642, guid: 9823f61a7e929c6468def83c27560f48, type: 3}
      propertyPath: m_IsActive
      value: 0
      objectReference: {fileID: 0}
    - target: {fileID: 1487442325603582, guid: 9823f61a7e929c6468def83c27560f48, type: 3}
      propertyPath: m_IsActive
      value: 1
      objectReference: {fileID: 0}
    - target: {fileID: 1502293483572340, guid: 9823f61a7e929c6468def83c27560f48, type: 3}
      propertyPath: m_IsActive
      value: 1
      objectReference: {fileID: 0}
    - target: {fileID: 4051489815332158, guid: 9823f61a7e929c6468def83c27560f48, type: 3}
      propertyPath: m_RootOrder
      value: 1
      objectReference: {fileID: 0}
    - target: {fileID: 4051489815332158, guid: 9823f61a7e929c6468def83c27560f48, type: 3}
      propertyPath: m_LocalScale.x
      value: 1.5
      objectReference: {fileID: 0}
    - target: {fileID: 4051489815332158, guid: 9823f61a7e929c6468def83c27560f48, type: 3}
      propertyPath: m_LocalScale.y
      value: 1.5
      objectReference: {fileID: 0}
    - target: {fileID: 4051489815332158, guid: 9823f61a7e929c6468def83c27560f48, type: 3}
      propertyPath: m_LocalScale.z
      value: 1.5
      objectReference: {fileID: 0}
    - target: {fileID: 4051489815332158, guid: 9823f61a7e929c6468def83c27560f48, type: 3}
      propertyPath: m_LocalPosition.x
      value: 0
      objectReference: {fileID: 0}
    - target: {fileID: 4051489815332158, guid: 9823f61a7e929c6468def83c27560f48, type: 3}
      propertyPath: m_LocalPosition.y
      value: -0.16
      objectReference: {fileID: 0}
    - target: {fileID: 4051489815332158, guid: 9823f61a7e929c6468def83c27560f48, type: 3}
      propertyPath: m_LocalPosition.z
      value: 0
      objectReference: {fileID: 0}
    - target: {fileID: 4051489815332158, guid: 9823f61a7e929c6468def83c27560f48, type: 3}
      propertyPath: m_LocalRotation.w
      value: 0.7071068
      objectReference: {fileID: 0}
    - target: {fileID: 4051489815332158, guid: 9823f61a7e929c6468def83c27560f48, type: 3}
      propertyPath: m_LocalRotation.x
      value: -0.7071068
      objectReference: {fileID: 0}
    - target: {fileID: 4051489815332158, guid: 9823f61a7e929c6468def83c27560f48, type: 3}
      propertyPath: m_LocalRotation.y
      value: 0
      objectReference: {fileID: 0}
    - target: {fileID: 4051489815332158, guid: 9823f61a7e929c6468def83c27560f48, type: 3}
      propertyPath: m_LocalRotation.z
      value: 0
      objectReference: {fileID: 0}
    - target: {fileID: 4051489815332158, guid: 9823f61a7e929c6468def83c27560f48, type: 3}
      propertyPath: m_LocalEulerAnglesHint.x
      value: -90
      objectReference: {fileID: 0}
    - target: {fileID: 4051489815332158, guid: 9823f61a7e929c6468def83c27560f48, type: 3}
      propertyPath: m_LocalEulerAnglesHint.y
      value: 0
      objectReference: {fileID: 0}
    - target: {fileID: 4051489815332158, guid: 9823f61a7e929c6468def83c27560f48, type: 3}
      propertyPath: m_LocalEulerAnglesHint.z
      value: 0
      objectReference: {fileID: 0}
    - target: {fileID: 4051489815332158, guid: 9823f61a7e929c6468def83c27560f48, type: 3}
      propertyPath: m_ConstrainProportionsScale
      value: 1
      objectReference: {fileID: 0}
    - target: {fileID: 198347168768518662, guid: 9823f61a7e929c6468def83c27560f48,
        type: 3}
      propertyPath: InitialModule.startColor.maxColor.b
      value: 1
      objectReference: {fileID: 0}
    - target: {fileID: 198347168768518662, guid: 9823f61a7e929c6468def83c27560f48,
        type: 3}
      propertyPath: InitialModule.startColor.maxColor.g
      value: 1
      objectReference: {fileID: 0}
    - target: {fileID: 198347168768518662, guid: 9823f61a7e929c6468def83c27560f48,
        type: 3}
      propertyPath: InitialModule.startColor.maxColor.r
      value: 1
      objectReference: {fileID: 0}
    - target: {fileID: 198531089443201966, guid: 9823f61a7e929c6468def83c27560f48,
        type: 3}
      propertyPath: InitialModule.startColor.maxColor.b
      value: 0.8726415
      objectReference: {fileID: 0}
    - target: {fileID: 198531089443201966, guid: 9823f61a7e929c6468def83c27560f48,
        type: 3}
      propertyPath: InitialModule.startColor.maxColor.g
      value: 1
      objectReference: {fileID: 0}
    - target: {fileID: 198531089443201966, guid: 9823f61a7e929c6468def83c27560f48,
        type: 3}
      propertyPath: InitialModule.startColor.maxColor.r
      value: 0.8726415
      objectReference: {fileID: 0}
    - target: {fileID: 198899402208397810, guid: 9823f61a7e929c6468def83c27560f48,
        type: 3}
      propertyPath: InitialModule.startColor.maxColor.b
      value: 0.9009434
      objectReference: {fileID: 0}
    - target: {fileID: 198899402208397810, guid: 9823f61a7e929c6468def83c27560f48,
        type: 3}
      propertyPath: InitialModule.startColor.maxColor.g
      value: 1
      objectReference: {fileID: 0}
    - target: {fileID: 198899402208397810, guid: 9823f61a7e929c6468def83c27560f48,
        type: 3}
      propertyPath: InitialModule.startColor.maxColor.r
      value: 0.9009434
      objectReference: {fileID: 0}
    - target: {fileID: 199066348681162154, guid: 9823f61a7e929c6468def83c27560f48,
        type: 3}
      propertyPath: m_Enabled
      value: 0
      objectReference: {fileID: 0}
    m_RemovedComponents: []
  m_SourcePrefab: {fileID: 100100000, guid: 9823f61a7e929c6468def83c27560f48, type: 3}
--- !u!1 &3694611938662396187 stripped
GameObject:
  m_CorrespondingSourceObject: {fileID: 1123519404155642, guid: 9823f61a7e929c6468def83c27560f48,
    type: 3}
  m_PrefabInstance: {fileID: 3694667130220319713}
  m_PrefabAsset: {fileID: 0}
--- !u!114 &231137692703153171
MonoBehaviour:
  m_ObjectHideFlags: 0
  m_CorrespondingSourceObject: {fileID: 0}
  m_PrefabInstance: {fileID: 0}
  m_PrefabAsset: {fileID: 0}
  m_GameObject: {fileID: 3694611938662396187}
  m_Enabled: 1
  m_EditorHideFlags: 0
  m_Script: {fileID: 11500000, guid: a20cdf14a98ed9848b8ae5524cc70303, type: 3}
  m_Name: 
  m_EditorClassIdentifier: 
  time: 1
--- !u!4 &3695340800056039135 stripped
Transform:
  m_CorrespondingSourceObject: {fileID: 4051489815332158, guid: 9823f61a7e929c6468def83c27560f48,
    type: 3}
  m_PrefabInstance: {fileID: 3694667130220319713}
  m_PrefabAsset: {fileID: 0}
--- !u!1001 &7629362351437855699
PrefabInstance:
  m_ObjectHideFlags: 0
  serializedVersion: 2
  m_Modification:
    m_TransformParent: {fileID: 6939949449460918773}
    m_Modifications:
    - target: {fileID: 2465521509999511817, guid: 4eb479cf4c2a09f41b77005df87e23f3,
        type: 3}
      propertyPath: m_RootOrder
      value: 0
      objectReference: {fileID: 0}
    - target: {fileID: 2465521509999511817, guid: 4eb479cf4c2a09f41b77005df87e23f3,
        type: 3}
      propertyPath: m_LocalScale.x
      value: 1
      objectReference: {fileID: 0}
    - target: {fileID: 2465521509999511817, guid: 4eb479cf4c2a09f41b77005df87e23f3,
        type: 3}
      propertyPath: m_LocalScale.y
      value: 1
      objectReference: {fileID: 0}
    - target: {fileID: 2465521509999511817, guid: 4eb479cf4c2a09f41b77005df87e23f3,
        type: 3}
      propertyPath: m_LocalScale.z
      value: 1
      objectReference: {fileID: 0}
    - target: {fileID: 2465521509999511817, guid: 4eb479cf4c2a09f41b77005df87e23f3,
        type: 3}
      propertyPath: m_LocalPosition.x
      value: 0
      objectReference: {fileID: 0}
    - target: {fileID: 2465521509999511817, guid: 4eb479cf4c2a09f41b77005df87e23f3,
        type: 3}
      propertyPath: m_LocalPosition.y
      value: 0
      objectReference: {fileID: 0}
    - target: {fileID: 2465521509999511817, guid: 4eb479cf4c2a09f41b77005df87e23f3,
        type: 3}
      propertyPath: m_LocalPosition.z
      value: 0
      objectReference: {fileID: 0}
    - target: {fileID: 2465521509999511817, guid: 4eb479cf4c2a09f41b77005df87e23f3,
        type: 3}
      propertyPath: m_LocalRotation.w
      value: 1
      objectReference: {fileID: 0}
    - target: {fileID: 2465521509999511817, guid: 4eb479cf4c2a09f41b77005df87e23f3,
        type: 3}
      propertyPath: m_LocalRotation.x
      value: 0
      objectReference: {fileID: 0}
    - target: {fileID: 2465521509999511817, guid: 4eb479cf4c2a09f41b77005df87e23f3,
        type: 3}
      propertyPath: m_LocalRotation.y
      value: 0
      objectReference: {fileID: 0}
    - target: {fileID: 2465521509999511817, guid: 4eb479cf4c2a09f41b77005df87e23f3,
        type: 3}
      propertyPath: m_LocalRotation.z
      value: 0
      objectReference: {fileID: 0}
    - target: {fileID: 2465521509999511817, guid: 4eb479cf4c2a09f41b77005df87e23f3,
        type: 3}
      propertyPath: m_LocalEulerAnglesHint.x
      value: 0
      objectReference: {fileID: 0}
    - target: {fileID: 2465521509999511817, guid: 4eb479cf4c2a09f41b77005df87e23f3,
        type: 3}
      propertyPath: m_LocalEulerAnglesHint.y
      value: 0
      objectReference: {fileID: 0}
    - target: {fileID: 2465521509999511817, guid: 4eb479cf4c2a09f41b77005df87e23f3,
        type: 3}
      propertyPath: m_LocalEulerAnglesHint.z
      value: 0
      objectReference: {fileID: 0}
    - target: {fileID: 6864897268521539654, guid: 4eb479cf4c2a09f41b77005df87e23f3,
        type: 3}
      propertyPath: m_Name
      value: Circle.045
      objectReference: {fileID: 0}
    - target: {fileID: 7194584889529651941, guid: 4eb479cf4c2a09f41b77005df87e23f3,
        type: 3}
      propertyPath: m_Materials.Array.data[0]
      value: 
      objectReference: {fileID: 2100000, guid: 5e4e1090983f5cd4bb29495e075443d6, type: 2}
    - target: {fileID: 7689009611820595256, guid: 4eb479cf4c2a09f41b77005df87e23f3,
        type: 3}
      propertyPath: m_Mesh
      value: 
      objectReference: {fileID: 4300000, guid: 6cc2f166340d88242969411a8b879e3c, type: 2}
    m_RemovedComponents: []
  m_SourcePrefab: {fileID: 100100000, guid: 4eb479cf4c2a09f41b77005df87e23f3, type: 3}
--- !u!4 &5465041606827193050 stripped
Transform:
  m_CorrespondingSourceObject: {fileID: 2465521509999511817, guid: 4eb479cf4c2a09f41b77005df87e23f3,
    type: 3}
  m_PrefabInstance: {fileID: 7629362351437855699}
  m_PrefabAsset: {fileID: 0}
