%YAML 1.1
%TAG !u! tag:unity3d.com,2011:
--- !u!1 &4716584474734062166
GameObject:
  m_ObjectHideFlags: 0
  m_CorrespondingSourceObject: {fileID: 0}
  m_PrefabInstance: {fileID: 0}
  m_PrefabAsset: {fileID: 0}
  serializedVersion: 6
  m_Component:
  - component: {fileID: 4716584474734062165}
  m_Layer: 0
  m_Name: Base
  m_TagString: Untagged
  m_Icon: {fileID: 0}
  m_NavMeshLayer: 0
  m_StaticEditorFlags: 2147483647
  m_IsActive: 1
--- !u!4 &4716584474734062165
Transform:
  m_ObjectHideFlags: 0
  m_CorrespondingSourceObject: {fileID: 0}
  m_PrefabInstance: {fileID: 0}
  m_PrefabAsset: {fileID: 0}
  m_GameObject: {fileID: 4716584474734062166}
  m_LocalRotation: {x: -0, y: -0, z: -0, w: 1}
  m_LocalPosition: {x: 0, y: 0, z: 6.78}
  m_LocalScale: {x: 1, y: 1, z: 1}
  m_ConstrainProportionsScale: 0
  m_Children:
  - {fileID: 3288206313029946957}
  - {fileID: 7355892687110268078}
  - {fileID: 8086014643268118664}
  - {fileID: 2717784220625852027}
  - {fileID: 2188780693283610628}
  - {fileID: 4115621032979424907}
  - {fileID: 2386620099284994063}
  - {fileID: 4329255938161962325}
  - {fileID: 9182318644704808718}
  - {fileID: 7409870505537524745}
  - {fileID: 789305895537155612}
  - {fileID: 5456156729679224821}
  - {fileID: 2504233448091284099}
  - {fileID: 2904366647255235180}
  - {fileID: 8164818559503414348}
  - {fileID: 7264208892419228445}
  - {fileID: 6990269815561367723}
  - {fileID: 6292000506214532087}
  - {fileID: 9184097271974271062}
  - {fileID: 6510573727298651068}
  - {fileID: 3355214884704778897}
  m_Father: {fileID: 4716584475187651377}
  m_RootOrder: 0
  m_LocalEulerAnglesHint: {x: 0, y: 0, z: 0}
--- !u!1 &4716584475187651378
GameObject:
  m_ObjectHideFlags: 0
  m_CorrespondingSourceObject: {fileID: 0}
  m_PrefabInstance: {fileID: 0}
  m_PrefabAsset: {fileID: 0}
  serializedVersion: 6
  m_Component:
  - component: {fileID: 4716584475187651377}
  m_Layer: 0
  m_Name: shape_6
  m_TagString: Untagged
  m_Icon: {fileID: 0}
  m_NavMeshLayer: 0
  m_StaticEditorFlags: 0
  m_IsActive: 1
--- !u!4 &4716584475187651377
Transform:
  m_ObjectHideFlags: 0
  m_CorrespondingSourceObject: {fileID: 0}
  m_PrefabInstance: {fileID: 0}
  m_PrefabAsset: {fileID: 0}
  m_GameObject: {fileID: 4716584475187651378}
  m_LocalRotation: {x: 0, y: 0, z: 0, w: 1}
  m_LocalPosition: {x: 0, y: 0, z: 0}
  m_LocalScale: {x: 1, y: 1, z: 1}
  m_ConstrainProportionsScale: 0
  m_Children:
  - {fileID: 4716584474734062165}
  m_Father: {fileID: 0}
  m_RootOrder: 0
  m_LocalEulerAnglesHint: {x: 0, y: 0, z: 0}
--- !u!1001 &39394790255208843
PrefabInstance:
  m_ObjectHideFlags: 0
  serializedVersion: 2
  m_Modification:
    m_TransformParent: {fileID: 4716584474734062165}
    m_Modifications:
    - target: {fileID: 6330469283429575281, guid: 3e5e20fd8630d7d478f595020a039237,
        type: 3}
      propertyPath: m_Name
      value: _1a (4)
      objectReference: {fileID: 0}
    - target: {fileID: 6330469283429575292, guid: 3e5e20fd8630d7d478f595020a039237,
        type: 3}
      propertyPath: m_RootOrder
      value: 17
      objectReference: {fileID: 0}
    - target: {fileID: 6330469283429575292, guid: 3e5e20fd8630d7d478f595020a039237,
        type: 3}
      propertyPath: m_LocalScale.x
      value: 1.053
      objectReference: {fileID: 0}
    - target: {fileID: 6330469283429575292, guid: 3e5e20fd8630d7d478f595020a039237,
        type: 3}
      propertyPath: m_LocalScale.y
      value: 1.053
      objectReference: {fileID: 0}
    - target: {fileID: 6330469283429575292, guid: 3e5e20fd8630d7d478f595020a039237,
        type: 3}
      propertyPath: m_LocalScale.z
      value: 1.053
      objectReference: {fileID: 0}
    - target: {fileID: 6330469283429575292, guid: 3e5e20fd8630d7d478f595020a039237,
        type: 3}
      propertyPath: m_LocalPosition.x
      value: -3.5
      objectReference: {fileID: 0}
    - target: {fileID: 6330469283429575292, guid: 3e5e20fd8630d7d478f595020a039237,
        type: 3}
      propertyPath: m_LocalPosition.y
      value: 0
      objectReference: {fileID: 0}
    - target: {fileID: 6330469283429575292, guid: 3e5e20fd8630d7d478f595020a039237,
        type: 3}
      propertyPath: m_LocalPosition.z
      value: -8
      objectReference: {fileID: 0}
    - target: {fileID: 6330469283429575292, guid: 3e5e20fd8630d7d478f595020a039237,
        type: 3}
      propertyPath: m_LocalRotation.w
      value: 1
      objectReference: {fileID: 0}
    - target: {fileID: 6330469283429575292, guid: 3e5e20fd8630d7d478f595020a039237,
        type: 3}
      propertyPath: m_LocalRotation.x
      value: -0
      objectReference: {fileID: 0}
    - target: {fileID: 6330469283429575292, guid: 3e5e20fd8630d7d478f595020a039237,
        type: 3}
      propertyPath: m_LocalRotation.y
      value: -0
      objectReference: {fileID: 0}
    - target: {fileID: 6330469283429575292, guid: 3e5e20fd8630d7d478f595020a039237,
        type: 3}
      propertyPath: m_LocalRotation.z
      value: -0
      objectReference: {fileID: 0}
    - target: {fileID: 6330469283429575292, guid: 3e5e20fd8630d7d478f595020a039237,
        type: 3}
      propertyPath: m_LocalEulerAnglesHint.x
      value: 0
      objectReference: {fileID: 0}
    - target: {fileID: 6330469283429575292, guid: 3e5e20fd8630d7d478f595020a039237,
        type: 3}
      propertyPath: m_LocalEulerAnglesHint.y
      value: 0
      objectReference: {fileID: 0}
    - target: {fileID: 6330469283429575292, guid: 3e5e20fd8630d7d478f595020a039237,
        type: 3}
      propertyPath: m_LocalEulerAnglesHint.z
      value: 0
      objectReference: {fileID: 0}
    - target: {fileID: 6992465057980772408, guid: 3e5e20fd8630d7d478f595020a039237,
        type: 3}
      propertyPath: type
      value: 0
      objectReference: {fileID: 0}
    m_RemovedComponents: []
  m_SourcePrefab: {fileID: 100100000, guid: 3e5e20fd8630d7d478f595020a039237, type: 3}
--- !u!4 &6292000506214532087 stripped
Transform:
  m_CorrespondingSourceObject: {fileID: 6330469283429575292, guid: 3e5e20fd8630d7d478f595020a039237,
    type: 3}
  m_PrefabInstance: {fileID: 39394790255208843}
  m_PrefabAsset: {fileID: 0}
--- !u!1001 &972896312401324480
PrefabInstance:
  m_ObjectHideFlags: 0
  serializedVersion: 2
  m_Modification:
    m_TransformParent: {fileID: 4716584474734062165}
    m_Modifications:
    - target: {fileID: 6330469283429575281, guid: 3e5e20fd8630d7d478f595020a039237,
        type: 3}
      propertyPath: m_Name
      value: _1a (6)
      objectReference: {fileID: 0}
    - target: {fileID: 6330469283429575292, guid: 3e5e20fd8630d7d478f595020a039237,
        type: 3}
      propertyPath: m_RootOrder
      value: 19
      objectReference: {fileID: 0}
    - target: {fileID: 6330469283429575292, guid: 3e5e20fd8630d7d478f595020a039237,
        type: 3}
      propertyPath: m_LocalScale.x
      value: 1.053
      objectReference: {fileID: 0}
    - target: {fileID: 6330469283429575292, guid: 3e5e20fd8630d7d478f595020a039237,
        type: 3}
      propertyPath: m_LocalScale.y
      value: 1.053
      objectReference: {fileID: 0}
    - target: {fileID: 6330469283429575292, guid: 3e5e20fd8630d7d478f595020a039237,
        type: 3}
      propertyPath: m_LocalScale.z
      value: 1.053
      objectReference: {fileID: 0}
    - target: {fileID: 6330469283429575292, guid: 3e5e20fd8630d7d478f595020a039237,
        type: 3}
      propertyPath: m_LocalPosition.x
      value: 0
      objectReference: {fileID: 0}
    - target: {fileID: 6330469283429575292, guid: 3e5e20fd8630d7d478f595020a039237,
        type: 3}
      propertyPath: m_LocalPosition.y
      value: 0
      objectReference: {fileID: 0}
    - target: {fileID: 6330469283429575292, guid: 3e5e20fd8630d7d478f595020a039237,
        type: 3}
      propertyPath: m_LocalPosition.z
      value: -8
      objectReference: {fileID: 0}
    - target: {fileID: 6330469283429575292, guid: 3e5e20fd8630d7d478f595020a039237,
        type: 3}
      propertyPath: m_LocalRotation.w
      value: 1
      objectReference: {fileID: 0}
    - target: {fileID: 6330469283429575292, guid: 3e5e20fd8630d7d478f595020a039237,
        type: 3}
      propertyPath: m_LocalRotation.x
      value: -0
      objectReference: {fileID: 0}
    - target: {fileID: 6330469283429575292, guid: 3e5e20fd8630d7d478f595020a039237,
        type: 3}
      propertyPath: m_LocalRotation.y
      value: -0
      objectReference: {fileID: 0}
    - target: {fileID: 6330469283429575292, guid: 3e5e20fd8630d7d478f595020a039237,
        type: 3}
      propertyPath: m_LocalRotation.z
      value: -0
      objectReference: {fileID: 0}
    - target: {fileID: 6330469283429575292, guid: 3e5e20fd8630d7d478f595020a039237,
        type: 3}
      propertyPath: m_LocalEulerAnglesHint.x
      value: 0
      objectReference: {fileID: 0}
    - target: {fileID: 6330469283429575292, guid: 3e5e20fd8630d7d478f595020a039237,
        type: 3}
      propertyPath: m_LocalEulerAnglesHint.y
      value: 0
      objectReference: {fileID: 0}
    - target: {fileID: 6330469283429575292, guid: 3e5e20fd8630d7d478f595020a039237,
        type: 3}
      propertyPath: m_LocalEulerAnglesHint.z
      value: 0
      objectReference: {fileID: 0}
    m_RemovedComponents: []
  m_SourcePrefab: {fileID: 100100000, guid: 3e5e20fd8630d7d478f595020a039237, type: 3}
--- !u!4 &6510573727298651068 stripped
Transform:
  m_CorrespondingSourceObject: {fileID: 6330469283429575292, guid: 3e5e20fd8630d7d478f595020a039237,
    type: 3}
  m_PrefabInstance: {fileID: 972896312401324480}
  m_PrefabAsset: {fileID: 0}
--- !u!1001 &2045322417113691529
PrefabInstance:
  m_ObjectHideFlags: 0
  serializedVersion: 2
  m_Modification:
    m_TransformParent: {fileID: 4716584474734062165}
    m_Modifications:
    - target: {fileID: 6330469283429575281, guid: 3e5e20fd8630d7d478f595020a039237,
        type: 3}
      propertyPath: m_Name
      value: _1a (1)
      objectReference: {fileID: 0}
    - target: {fileID: 6330469283429575292, guid: 3e5e20fd8630d7d478f595020a039237,
        type: 3}
      propertyPath: m_RootOrder
      value: 11
      objectReference: {fileID: 0}
    - target: {fileID: 6330469283429575292, guid: 3e5e20fd8630d7d478f595020a039237,
        type: 3}
      propertyPath: m_LocalScale.x
      value: 1.053
      objectReference: {fileID: 0}
    - target: {fileID: 6330469283429575292, guid: 3e5e20fd8630d7d478f595020a039237,
        type: 3}
      propertyPath: m_LocalScale.y
      value: 1.053
      objectReference: {fileID: 0}
    - target: {fileID: 6330469283429575292, guid: 3e5e20fd8630d7d478f595020a039237,
        type: 3}
      propertyPath: m_LocalScale.z
      value: 1.053
      objectReference: {fileID: 0}
    - target: {fileID: 6330469283429575292, guid: 3e5e20fd8630d7d478f595020a039237,
        type: 3}
      propertyPath: m_LocalPosition.x
      value: 1.75
      objectReference: {fileID: 0}
    - target: {fileID: 6330469283429575292, guid: 3e5e20fd8630d7d478f595020a039237,
        type: 3}
      propertyPath: m_LocalPosition.y
      value: 0
      objectReference: {fileID: 0}
    - target: {fileID: 6330469283429575292, guid: 3e5e20fd8630d7d478f595020a039237,
        type: 3}
      propertyPath: m_LocalPosition.z
      value: -3
      objectReference: {fileID: 0}
    - target: {fileID: 6330469283429575292, guid: 3e5e20fd8630d7d478f595020a039237,
        type: 3}
      propertyPath: m_LocalRotation.w
      value: 1
      objectReference: {fileID: 0}
    - target: {fileID: 6330469283429575292, guid: 3e5e20fd8630d7d478f595020a039237,
        type: 3}
      propertyPath: m_LocalRotation.x
      value: -0
      objectReference: {fileID: 0}
    - target: {fileID: 6330469283429575292, guid: 3e5e20fd8630d7d478f595020a039237,
        type: 3}
      propertyPath: m_LocalRotation.y
      value: -0
      objectReference: {fileID: 0}
    - target: {fileID: 6330469283429575292, guid: 3e5e20fd8630d7d478f595020a039237,
        type: 3}
      propertyPath: m_LocalRotation.z
      value: -0
      objectReference: {fileID: 0}
    - target: {fileID: 6330469283429575292, guid: 3e5e20fd8630d7d478f595020a039237,
        type: 3}
      propertyPath: m_LocalEulerAnglesHint.x
      value: 0
      objectReference: {fileID: 0}
    - target: {fileID: 6330469283429575292, guid: 3e5e20fd8630d7d478f595020a039237,
        type: 3}
      propertyPath: m_LocalEulerAnglesHint.y
      value: 0
      objectReference: {fileID: 0}
    - target: {fileID: 6330469283429575292, guid: 3e5e20fd8630d7d478f595020a039237,
        type: 3}
      propertyPath: m_LocalEulerAnglesHint.z
      value: 0
      objectReference: {fileID: 0}
    m_RemovedComponents: []
  m_SourcePrefab: {fileID: 100100000, guid: 3e5e20fd8630d7d478f595020a039237, type: 3}
--- !u!4 &5456156729679224821 stripped
Transform:
  m_CorrespondingSourceObject: {fileID: 6330469283429575292, guid: 3e5e20fd8630d7d478f595020a039237,
    type: 3}
  m_PrefabInstance: {fileID: 2045322417113691529}
  m_PrefabAsset: {fileID: 0}
--- !u!1001 &2780158570314915376
PrefabInstance:
  m_ObjectHideFlags: 0
  serializedVersion: 2
  m_Modification:
    m_TransformParent: {fileID: 4716584474734062165}
    m_Modifications:
    - target: {fileID: 6330469283429575281, guid: 3e5e20fd8630d7d478f595020a039237,
        type: 3}
      propertyPath: m_Name
      value: _1a (1)
      objectReference: {fileID: 0}
    - target: {fileID: 6330469283429575292, guid: 3e5e20fd8630d7d478f595020a039237,
        type: 3}
      propertyPath: m_RootOrder
      value: 14
      objectReference: {fileID: 0}
    - target: {fileID: 6330469283429575292, guid: 3e5e20fd8630d7d478f595020a039237,
        type: 3}
      propertyPath: m_LocalScale.x
      value: 1.053
      objectReference: {fileID: 0}
    - target: {fileID: 6330469283429575292, guid: 3e5e20fd8630d7d478f595020a039237,
        type: 3}
      propertyPath: m_LocalScale.y
      value: 1.053
      objectReference: {fileID: 0}
    - target: {fileID: 6330469283429575292, guid: 3e5e20fd8630d7d478f595020a039237,
        type: 3}
      propertyPath: m_LocalScale.z
      value: 1.053
      objectReference: {fileID: 0}
    - target: {fileID: 6330469283429575292, guid: 3e5e20fd8630d7d478f595020a039237,
        type: 3}
      propertyPath: m_LocalPosition.x
      value: -1.75
      objectReference: {fileID: 0}
    - target: {fileID: 6330469283429575292, guid: 3e5e20fd8630d7d478f595020a039237,
        type: 3}
      propertyPath: m_LocalPosition.y
      value: 0
      objectReference: {fileID: 0}
    - target: {fileID: 6330469283429575292, guid: 3e5e20fd8630d7d478f595020a039237,
        type: 3}
      propertyPath: m_LocalPosition.z
      value: -3
      objectReference: {fileID: 0}
    - target: {fileID: 6330469283429575292, guid: 3e5e20fd8630d7d478f595020a039237,
        type: 3}
      propertyPath: m_LocalRotation.w
      value: 1
      objectReference: {fileID: 0}
    - target: {fileID: 6330469283429575292, guid: 3e5e20fd8630d7d478f595020a039237,
        type: 3}
      propertyPath: m_LocalRotation.x
      value: -0
      objectReference: {fileID: 0}
    - target: {fileID: 6330469283429575292, guid: 3e5e20fd8630d7d478f595020a039237,
        type: 3}
      propertyPath: m_LocalRotation.y
      value: -0
      objectReference: {fileID: 0}
    - target: {fileID: 6330469283429575292, guid: 3e5e20fd8630d7d478f595020a039237,
        type: 3}
      propertyPath: m_LocalRotation.z
      value: -0
      objectReference: {fileID: 0}
    - target: {fileID: 6330469283429575292, guid: 3e5e20fd8630d7d478f595020a039237,
        type: 3}
      propertyPath: m_LocalEulerAnglesHint.x
      value: 0
      objectReference: {fileID: 0}
    - target: {fileID: 6330469283429575292, guid: 3e5e20fd8630d7d478f595020a039237,
        type: 3}
      propertyPath: m_LocalEulerAnglesHint.y
      value: 0
      objectReference: {fileID: 0}
    - target: {fileID: 6330469283429575292, guid: 3e5e20fd8630d7d478f595020a039237,
        type: 3}
      propertyPath: m_LocalEulerAnglesHint.z
      value: 0
      objectReference: {fileID: 0}
    m_RemovedComponents: []
  m_SourcePrefab: {fileID: 100100000, guid: 3e5e20fd8630d7d478f595020a039237, type: 3}
--- !u!4 &8164818559503414348 stripped
Transform:
  m_CorrespondingSourceObject: {fileID: 6330469283429575292, guid: 3e5e20fd8630d7d478f595020a039237,
    type: 3}
  m_PrefabInstance: {fileID: 2780158570314915376}
  m_PrefabAsset: {fileID: 0}
--- !u!1001 &2876976885794669300
PrefabInstance:
  m_ObjectHideFlags: 0
  serializedVersion: 2
  m_Modification:
    m_TransformParent: {fileID: 4716584474734062165}
    m_Modifications:
    - target: {fileID: 6330469283429575281, guid: 3e5e20fd8630d7d478f595020a039237,
        type: 3}
      propertyPath: m_Name
      value: _1a (1)
      objectReference: {fileID: 0}
    - target: {fileID: 6330469283429575292, guid: 3e5e20fd8630d7d478f595020a039237,
        type: 3}
      propertyPath: m_RootOrder
      value: 2
      objectReference: {fileID: 0}
    - target: {fileID: 6330469283429575292, guid: 3e5e20fd8630d7d478f595020a039237,
        type: 3}
      propertyPath: m_LocalScale.x
      value: 1.053
      objectReference: {fileID: 0}
    - target: {fileID: 6330469283429575292, guid: 3e5e20fd8630d7d478f595020a039237,
        type: 3}
      propertyPath: m_LocalScale.y
      value: 1.053
      objectReference: {fileID: 0}
    - target: {fileID: 6330469283429575292, guid: 3e5e20fd8630d7d478f595020a039237,
        type: 3}
      propertyPath: m_LocalScale.z
      value: 1.053
      objectReference: {fileID: 0}
    - target: {fileID: 6330469283429575292, guid: 3e5e20fd8630d7d478f595020a039237,
        type: 3}
      propertyPath: m_LocalPosition.x
      value: 0
      objectReference: {fileID: 0}
    - target: {fileID: 6330469283429575292, guid: 3e5e20fd8630d7d478f595020a039237,
        type: 3}
      propertyPath: m_LocalPosition.y
      value: 0
      objectReference: {fileID: 0}
    - target: {fileID: 6330469283429575292, guid: 3e5e20fd8630d7d478f595020a039237,
        type: 3}
      propertyPath: m_LocalPosition.z
      value: -6
      objectReference: {fileID: 0}
    - target: {fileID: 6330469283429575292, guid: 3e5e20fd8630d7d478f595020a039237,
        type: 3}
      propertyPath: m_LocalRotation.w
      value: 1
      objectReference: {fileID: 0}
    - target: {fileID: 6330469283429575292, guid: 3e5e20fd8630d7d478f595020a039237,
        type: 3}
      propertyPath: m_LocalRotation.x
      value: -0
      objectReference: {fileID: 0}
    - target: {fileID: 6330469283429575292, guid: 3e5e20fd8630d7d478f595020a039237,
        type: 3}
      propertyPath: m_LocalRotation.y
      value: -0
      objectReference: {fileID: 0}
    - target: {fileID: 6330469283429575292, guid: 3e5e20fd8630d7d478f595020a039237,
        type: 3}
      propertyPath: m_LocalRotation.z
      value: -0
      objectReference: {fileID: 0}
    - target: {fileID: 6330469283429575292, guid: 3e5e20fd8630d7d478f595020a039237,
        type: 3}
      propertyPath: m_LocalEulerAnglesHint.x
      value: 0
      objectReference: {fileID: 0}
    - target: {fileID: 6330469283429575292, guid: 3e5e20fd8630d7d478f595020a039237,
        type: 3}
      propertyPath: m_LocalEulerAnglesHint.y
      value: 0
      objectReference: {fileID: 0}
    - target: {fileID: 6330469283429575292, guid: 3e5e20fd8630d7d478f595020a039237,
        type: 3}
      propertyPath: m_LocalEulerAnglesHint.z
      value: 0
      objectReference: {fileID: 0}
    m_RemovedComponents: []
  m_SourcePrefab: {fileID: 100100000, guid: 3e5e20fd8630d7d478f595020a039237, type: 3}
--- !u!4 &8086014643268118664 stripped
Transform:
  m_CorrespondingSourceObject: {fileID: 6330469283429575292, guid: 3e5e20fd8630d7d478f595020a039237,
    type: 3}
  m_PrefabInstance: {fileID: 2876976885794669300}
  m_PrefabAsset: {fileID: 0}
--- !u!1001 &2931332680756654634
PrefabInstance:
  m_ObjectHideFlags: 0
  serializedVersion: 2
  m_Modification:
    m_TransformParent: {fileID: 4716584474734062165}
    m_Modifications:
    - target: {fileID: 6330469283429575281, guid: 3e5e20fd8630d7d478f595020a039237,
        type: 3}
      propertyPath: m_Name
      value: _1a (5)
      objectReference: {fileID: 0}
    - target: {fileID: 6330469283429575292, guid: 3e5e20fd8630d7d478f595020a039237,
        type: 3}
      propertyPath: m_RootOrder
      value: 18
      objectReference: {fileID: 0}
    - target: {fileID: 6330469283429575292, guid: 3e5e20fd8630d7d478f595020a039237,
        type: 3}
      propertyPath: m_LocalScale.x
      value: 1.053
      objectReference: {fileID: 0}
    - target: {fileID: 6330469283429575292, guid: 3e5e20fd8630d7d478f595020a039237,
        type: 3}
      propertyPath: m_LocalScale.y
      value: 1.053
      objectReference: {fileID: 0}
    - target: {fileID: 6330469283429575292, guid: 3e5e20fd8630d7d478f595020a039237,
        type: 3}
      propertyPath: m_LocalScale.z
      value: 1.053
      objectReference: {fileID: 0}
    - target: {fileID: 6330469283429575292, guid: 3e5e20fd8630d7d478f595020a039237,
        type: 3}
      propertyPath: m_LocalPosition.x
      value: 3.5
      objectReference: {fileID: 0}
    - target: {fileID: 6330469283429575292, guid: 3e5e20fd8630d7d478f595020a039237,
        type: 3}
      propertyPath: m_LocalPosition.y
      value: 0
      objectReference: {fileID: 0}
    - target: {fileID: 6330469283429575292, guid: 3e5e20fd8630d7d478f595020a039237,
        type: 3}
      propertyPath: m_LocalPosition.z
      value: -8
      objectReference: {fileID: 0}
    - target: {fileID: 6330469283429575292, guid: 3e5e20fd8630d7d478f595020a039237,
        type: 3}
      propertyPath: m_LocalRotation.w
      value: 1
      objectReference: {fileID: 0}
    - target: {fileID: 6330469283429575292, guid: 3e5e20fd8630d7d478f595020a039237,
        type: 3}
      propertyPath: m_LocalRotation.x
      value: -0
      objectReference: {fileID: 0}
    - target: {fileID: 6330469283429575292, guid: 3e5e20fd8630d7d478f595020a039237,
        type: 3}
      propertyPath: m_LocalRotation.y
      value: -0
      objectReference: {fileID: 0}
    - target: {fileID: 6330469283429575292, guid: 3e5e20fd8630d7d478f595020a039237,
        type: 3}
      propertyPath: m_LocalRotation.z
      value: -0
      objectReference: {fileID: 0}
    - target: {fileID: 6330469283429575292, guid: 3e5e20fd8630d7d478f595020a039237,
        type: 3}
      propertyPath: m_LocalEulerAnglesHint.x
      value: 0
      objectReference: {fileID: 0}
    - target: {fileID: 6330469283429575292, guid: 3e5e20fd8630d7d478f595020a039237,
        type: 3}
      propertyPath: m_LocalEulerAnglesHint.y
      value: 0
      objectReference: {fileID: 0}
    - target: {fileID: 6330469283429575292, guid: 3e5e20fd8630d7d478f595020a039237,
        type: 3}
      propertyPath: m_LocalEulerAnglesHint.z
      value: 0
      objectReference: {fileID: 0}
    - target: {fileID: 6992465057980772408, guid: 3e5e20fd8630d7d478f595020a039237,
        type: 3}
      propertyPath: type
      value: 0
      objectReference: {fileID: 0}
    m_RemovedComponents: []
  m_SourcePrefab: {fileID: 100100000, guid: 3e5e20fd8630d7d478f595020a039237, type: 3}
--- !u!4 &9184097271974271062 stripped
Transform:
  m_CorrespondingSourceObject: {fileID: 6330469283429575292, guid: 3e5e20fd8630d7d478f595020a039237,
    type: 3}
  m_PrefabInstance: {fileID: 2931332680756654634}
  m_PrefabAsset: {fileID: 0}
--- !u!1001 &2933108266831766898
PrefabInstance:
  m_ObjectHideFlags: 0
  serializedVersion: 2
  m_Modification:
    m_TransformParent: {fileID: 4716584474734062165}
    m_Modifications:
    - target: {fileID: 6330469283429575281, guid: 3e5e20fd8630d7d478f595020a039237,
        type: 3}
      propertyPath: m_Name
      value: _1a (1)
      objectReference: {fileID: 0}
    - target: {fileID: 6330469283429575292, guid: 3e5e20fd8630d7d478f595020a039237,
        type: 3}
      propertyPath: m_RootOrder
      value: 8
      objectReference: {fileID: 0}
    - target: {fileID: 6330469283429575292, guid: 3e5e20fd8630d7d478f595020a039237,
        type: 3}
      propertyPath: m_LocalScale.x
      value: 1.053
      objectReference: {fileID: 0}
    - target: {fileID: 6330469283429575292, guid: 3e5e20fd8630d7d478f595020a039237,
        type: 3}
      propertyPath: m_LocalScale.y
      value: 1.053
      objectReference: {fileID: 0}
    - target: {fileID: 6330469283429575292, guid: 3e5e20fd8630d7d478f595020a039237,
        type: 3}
      propertyPath: m_LocalScale.z
      value: 1.053
      objectReference: {fileID: 0}
    - target: {fileID: 6330469283429575292, guid: 3e5e20fd8630d7d478f595020a039237,
        type: 3}
      propertyPath: m_LocalPosition.x
      value: 3.5
      objectReference: {fileID: 0}
    - target: {fileID: 6330469283429575292, guid: 3e5e20fd8630d7d478f595020a039237,
        type: 3}
      propertyPath: m_LocalPosition.y
      value: 0
      objectReference: {fileID: 0}
    - target: {fileID: 6330469283429575292, guid: 3e5e20fd8630d7d478f595020a039237,
        type: 3}
      propertyPath: m_LocalPosition.z
      value: -4
      objectReference: {fileID: 0}
    - target: {fileID: 6330469283429575292, guid: 3e5e20fd8630d7d478f595020a039237,
        type: 3}
      propertyPath: m_LocalRotation.w
      value: 1
      objectReference: {fileID: 0}
    - target: {fileID: 6330469283429575292, guid: 3e5e20fd8630d7d478f595020a039237,
        type: 3}
      propertyPath: m_LocalRotation.x
      value: -0
      objectReference: {fileID: 0}
    - target: {fileID: 6330469283429575292, guid: 3e5e20fd8630d7d478f595020a039237,
        type: 3}
      propertyPath: m_LocalRotation.y
      value: -0
      objectReference: {fileID: 0}
    - target: {fileID: 6330469283429575292, guid: 3e5e20fd8630d7d478f595020a039237,
        type: 3}
      propertyPath: m_LocalRotation.z
      value: -0
      objectReference: {fileID: 0}
    - target: {fileID: 6330469283429575292, guid: 3e5e20fd8630d7d478f595020a039237,
        type: 3}
      propertyPath: m_LocalEulerAnglesHint.x
      value: 0
      objectReference: {fileID: 0}
    - target: {fileID: 6330469283429575292, guid: 3e5e20fd8630d7d478f595020a039237,
        type: 3}
      propertyPath: m_LocalEulerAnglesHint.y
      value: 0
      objectReference: {fileID: 0}
    - target: {fileID: 6330469283429575292, guid: 3e5e20fd8630d7d478f595020a039237,
        type: 3}
      propertyPath: m_LocalEulerAnglesHint.z
      value: 0
      objectReference: {fileID: 0}
    m_RemovedComponents: []
  m_SourcePrefab: {fileID: 100100000, guid: 3e5e20fd8630d7d478f595020a039237, type: 3}
--- !u!4 &9182318644704808718 stripped
Transform:
  m_CorrespondingSourceObject: {fileID: 6330469283429575292, guid: 3e5e20fd8630d7d478f595020a039237,
    type: 3}
  m_PrefabInstance: {fileID: 2933108266831766898}
  m_PrefabAsset: {fileID: 0}
--- !u!1001 &3535182439563542133
PrefabInstance:
  m_ObjectHideFlags: 0
  serializedVersion: 2
  m_Modification:
    m_TransformParent: {fileID: 4716584474734062165}
    m_Modifications:
    - target: {fileID: 6330469283429575281, guid: 3e5e20fd8630d7d478f595020a039237,
        type: 3}
      propertyPath: m_Name
      value: _1a (1)
      objectReference: {fileID: 0}
    - target: {fileID: 6330469283429575292, guid: 3e5e20fd8630d7d478f595020a039237,
        type: 3}
      propertyPath: m_RootOrder
      value: 9
      objectReference: {fileID: 0}
    - target: {fileID: 6330469283429575292, guid: 3e5e20fd8630d7d478f595020a039237,
        type: 3}
      propertyPath: m_LocalScale.x
      value: 1.053
      objectReference: {fileID: 0}
    - target: {fileID: 6330469283429575292, guid: 3e5e20fd8630d7d478f595020a039237,
        type: 3}
      propertyPath: m_LocalScale.y
      value: 1.053
      objectReference: {fileID: 0}
    - target: {fileID: 6330469283429575292, guid: 3e5e20fd8630d7d478f595020a039237,
        type: 3}
      propertyPath: m_LocalScale.z
      value: 1.053
      objectReference: {fileID: 0}
    - target: {fileID: 6330469283429575292, guid: 3e5e20fd8630d7d478f595020a039237,
        type: 3}
      propertyPath: m_LocalPosition.x
      value: -1.75
      objectReference: {fileID: 0}
    - target: {fileID: 6330469283429575292, guid: 3e5e20fd8630d7d478f595020a039237,
        type: 3}
      propertyPath: m_LocalPosition.y
      value: 0
      objectReference: {fileID: 0}
    - target: {fileID: 6330469283429575292, guid: 3e5e20fd8630d7d478f595020a039237,
        type: 3}
      propertyPath: m_LocalPosition.z
      value: -5
      objectReference: {fileID: 0}
    - target: {fileID: 6330469283429575292, guid: 3e5e20fd8630d7d478f595020a039237,
        type: 3}
      propertyPath: m_LocalRotation.w
      value: 1
      objectReference: {fileID: 0}
    - target: {fileID: 6330469283429575292, guid: 3e5e20fd8630d7d478f595020a039237,
        type: 3}
      propertyPath: m_LocalRotation.x
      value: -0
      objectReference: {fileID: 0}
    - target: {fileID: 6330469283429575292, guid: 3e5e20fd8630d7d478f595020a039237,
        type: 3}
      propertyPath: m_LocalRotation.y
      value: -0
      objectReference: {fileID: 0}
    - target: {fileID: 6330469283429575292, guid: 3e5e20fd8630d7d478f595020a039237,
        type: 3}
      propertyPath: m_LocalRotation.z
      value: -0
      objectReference: {fileID: 0}
    - target: {fileID: 6330469283429575292, guid: 3e5e20fd8630d7d478f595020a039237,
        type: 3}
      propertyPath: m_LocalEulerAnglesHint.x
      value: 0
      objectReference: {fileID: 0}
    - target: {fileID: 6330469283429575292, guid: 3e5e20fd8630d7d478f595020a039237,
        type: 3}
      propertyPath: m_LocalEulerAnglesHint.y
      value: 0
      objectReference: {fileID: 0}
    - target: {fileID: 6330469283429575292, guid: 3e5e20fd8630d7d478f595020a039237,
        type: 3}
      propertyPath: m_LocalEulerAnglesHint.z
      value: 0
      objectReference: {fileID: 0}
    m_RemovedComponents: []
  m_SourcePrefab: {fileID: 100100000, guid: 3e5e20fd8630d7d478f595020a039237, type: 3}
--- !u!4 &7409870505537524745 stripped
Transform:
  m_CorrespondingSourceObject: {fileID: 6330469283429575292, guid: 3e5e20fd8630d7d478f595020a039237,
    type: 3}
  m_PrefabInstance: {fileID: 3535182439563542133}
  m_PrefabAsset: {fileID: 0}
--- !u!1001 &3589150276718595794
PrefabInstance:
  m_ObjectHideFlags: 0
  serializedVersion: 2
  m_Modification:
    m_TransformParent: {fileID: 4716584474734062165}
    m_Modifications:
    - target: {fileID: 6330469283429575281, guid: 3e5e20fd8630d7d478f595020a039237,
        type: 3}
      propertyPath: m_Name
      value: _1a
      objectReference: {fileID: 0}
    - target: {fileID: 6330469283429575292, guid: 3e5e20fd8630d7d478f595020a039237,
        type: 3}
      propertyPath: m_RootOrder
      value: 1
      objectReference: {fileID: 0}
    - target: {fileID: 6330469283429575292, guid: 3e5e20fd8630d7d478f595020a039237,
        type: 3}
      propertyPath: m_LocalScale.x
      value: 1.053
      objectReference: {fileID: 0}
    - target: {fileID: 6330469283429575292, guid: 3e5e20fd8630d7d478f595020a039237,
        type: 3}
      propertyPath: m_LocalScale.y
      value: 1.053
      objectReference: {fileID: 0}
    - target: {fileID: 6330469283429575292, guid: 3e5e20fd8630d7d478f595020a039237,
        type: 3}
      propertyPath: m_LocalScale.z
      value: 1.053
      objectReference: {fileID: 0}
    - target: {fileID: 6330469283429575292, guid: 3e5e20fd8630d7d478f595020a039237,
        type: 3}
      propertyPath: m_LocalPosition.x
      value: -1.75
      objectReference: {fileID: 0}
    - target: {fileID: 6330469283429575292, guid: 3e5e20fd8630d7d478f595020a039237,
        type: 3}
      propertyPath: m_LocalPosition.y
      value: 0
      objectReference: {fileID: 0}
    - target: {fileID: 6330469283429575292, guid: 3e5e20fd8630d7d478f595020a039237,
        type: 3}
      propertyPath: m_LocalPosition.z
      value: -1
      objectReference: {fileID: 0}
    - target: {fileID: 6330469283429575292, guid: 3e5e20fd8630d7d478f595020a039237,
        type: 3}
      propertyPath: m_LocalRotation.w
      value: 1
      objectReference: {fileID: 0}
    - target: {fileID: 6330469283429575292, guid: 3e5e20fd8630d7d478f595020a039237,
        type: 3}
      propertyPath: m_LocalRotation.x
      value: -0
      objectReference: {fileID: 0}
    - target: {fileID: 6330469283429575292, guid: 3e5e20fd8630d7d478f595020a039237,
        type: 3}
      propertyPath: m_LocalRotation.y
      value: -0
      objectReference: {fileID: 0}
    - target: {fileID: 6330469283429575292, guid: 3e5e20fd8630d7d478f595020a039237,
        type: 3}
      propertyPath: m_LocalRotation.z
      value: -0
      objectReference: {fileID: 0}
    - target: {fileID: 6330469283429575292, guid: 3e5e20fd8630d7d478f595020a039237,
        type: 3}
      propertyPath: m_LocalEulerAnglesHint.x
      value: 0
      objectReference: {fileID: 0}
    - target: {fileID: 6330469283429575292, guid: 3e5e20fd8630d7d478f595020a039237,
        type: 3}
      propertyPath: m_LocalEulerAnglesHint.y
      value: 0
      objectReference: {fileID: 0}
    - target: {fileID: 6330469283429575292, guid: 3e5e20fd8630d7d478f595020a039237,
        type: 3}
      propertyPath: m_LocalEulerAnglesHint.z
      value: 0
      objectReference: {fileID: 0}
    - target: {fileID: 6992465057980772408, guid: 3e5e20fd8630d7d478f595020a039237,
        type: 3}
      propertyPath: type
      value: 2
      objectReference: {fileID: 0}
    - target: {fileID: 6992465057980772408, guid: 3e5e20fd8630d7d478f595020a039237,
        type: 3}
      propertyPath: scoreRequire
      value: 200
      objectReference: {fileID: 0}
    m_RemovedComponents: []
  m_SourcePrefab: {fileID: 100100000, guid: 3e5e20fd8630d7d478f595020a039237, type: 3}
--- !u!4 &7355892687110268078 stripped
Transform:
  m_CorrespondingSourceObject: {fileID: 6330469283429575292, guid: 3e5e20fd8630d7d478f595020a039237,
    type: 3}
  m_PrefabInstance: {fileID: 3589150276718595794}
  m_PrefabAsset: {fileID: 0}
--- !u!1001 &3681129495956728161
PrefabInstance:
  m_ObjectHideFlags: 0
  serializedVersion: 2
  m_Modification:
    m_TransformParent: {fileID: 4716584474734062165}
    m_Modifications:
    - target: {fileID: 6330469283429575281, guid: 3e5e20fd8630d7d478f595020a039237,
        type: 3}
      propertyPath: m_Name
      value: _1a (2)
      objectReference: {fileID: 0}
    - target: {fileID: 6330469283429575292, guid: 3e5e20fd8630d7d478f595020a039237,
        type: 3}
      propertyPath: m_RootOrder
      value: 15
      objectReference: {fileID: 0}
    - target: {fileID: 6330469283429575292, guid: 3e5e20fd8630d7d478f595020a039237,
        type: 3}
      propertyPath: m_LocalScale.x
      value: 1.053
      objectReference: {fileID: 0}
    - target: {fileID: 6330469283429575292, guid: 3e5e20fd8630d7d478f595020a039237,
        type: 3}
      propertyPath: m_LocalScale.y
      value: 1.053
      objectReference: {fileID: 0}
    - target: {fileID: 6330469283429575292, guid: 3e5e20fd8630d7d478f595020a039237,
        type: 3}
      propertyPath: m_LocalScale.z
      value: 1.053
      objectReference: {fileID: 0}
    - target: {fileID: 6330469283429575292, guid: 3e5e20fd8630d7d478f595020a039237,
        type: 3}
      propertyPath: m_LocalPosition.x
      value: -1.75
      objectReference: {fileID: 0}
    - target: {fileID: 6330469283429575292, guid: 3e5e20fd8630d7d478f595020a039237,
        type: 3}
      propertyPath: m_LocalPosition.y
      value: 0
      objectReference: {fileID: 0}
    - target: {fileID: 6330469283429575292, guid: 3e5e20fd8630d7d478f595020a039237,
        type: 3}
      propertyPath: m_LocalPosition.z
      value: -7
      objectReference: {fileID: 0}
    - target: {fileID: 6330469283429575292, guid: 3e5e20fd8630d7d478f595020a039237,
        type: 3}
      propertyPath: m_LocalRotation.w
      value: 1
      objectReference: {fileID: 0}
    - target: {fileID: 6330469283429575292, guid: 3e5e20fd8630d7d478f595020a039237,
        type: 3}
      propertyPath: m_LocalRotation.x
      value: -0
      objectReference: {fileID: 0}
    - target: {fileID: 6330469283429575292, guid: 3e5e20fd8630d7d478f595020a039237,
        type: 3}
      propertyPath: m_LocalRotation.y
      value: -0
      objectReference: {fileID: 0}
    - target: {fileID: 6330469283429575292, guid: 3e5e20fd8630d7d478f595020a039237,
        type: 3}
      propertyPath: m_LocalRotation.z
      value: -0
      objectReference: {fileID: 0}
    - target: {fileID: 6330469283429575292, guid: 3e5e20fd8630d7d478f595020a039237,
        type: 3}
      propertyPath: m_LocalEulerAnglesHint.x
      value: 0
      objectReference: {fileID: 0}
    - target: {fileID: 6330469283429575292, guid: 3e5e20fd8630d7d478f595020a039237,
        type: 3}
      propertyPath: m_LocalEulerAnglesHint.y
      value: 0
      objectReference: {fileID: 0}
    - target: {fileID: 6330469283429575292, guid: 3e5e20fd8630d7d478f595020a039237,
        type: 3}
      propertyPath: m_LocalEulerAnglesHint.z
      value: 0
      objectReference: {fileID: 0}
    m_RemovedComponents: []
  m_SourcePrefab: {fileID: 100100000, guid: 3e5e20fd8630d7d478f595020a039237, type: 3}
--- !u!4 &7264208892419228445 stripped
Transform:
  m_CorrespondingSourceObject: {fileID: 6330469283429575292, guid: 3e5e20fd8630d7d478f595020a039237,
    type: 3}
  m_PrefabInstance: {fileID: 3681129495956728161}
  m_PrefabAsset: {fileID: 0}
--- !u!1001 &3951967057141881559
PrefabInstance:
  m_ObjectHideFlags: 0
  serializedVersion: 2
  m_Modification:
    m_TransformParent: {fileID: 4716584474734062165}
    m_Modifications:
    - target: {fileID: 6330469283429575281, guid: 3e5e20fd8630d7d478f595020a039237,
        type: 3}
      propertyPath: m_Name
      value: _1a (3)
      objectReference: {fileID: 0}
    - target: {fileID: 6330469283429575292, guid: 3e5e20fd8630d7d478f595020a039237,
        type: 3}
      propertyPath: m_RootOrder
      value: 16
      objectReference: {fileID: 0}
    - target: {fileID: 6330469283429575292, guid: 3e5e20fd8630d7d478f595020a039237,
        type: 3}
      propertyPath: m_LocalScale.x
      value: 1.053
      objectReference: {fileID: 0}
    - target: {fileID: 6330469283429575292, guid: 3e5e20fd8630d7d478f595020a039237,
        type: 3}
      propertyPath: m_LocalScale.y
      value: 1.053
      objectReference: {fileID: 0}
    - target: {fileID: 6330469283429575292, guid: 3e5e20fd8630d7d478f595020a039237,
        type: 3}
      propertyPath: m_LocalScale.z
      value: 1.053
      objectReference: {fileID: 0}
    - target: {fileID: 6330469283429575292, guid: 3e5e20fd8630d7d478f595020a039237,
        type: 3}
      propertyPath: m_LocalPosition.x
      value: 1.75
      objectReference: {fileID: 0}
    - target: {fileID: 6330469283429575292, guid: 3e5e20fd8630d7d478f595020a039237,
        type: 3}
      propertyPath: m_LocalPosition.y
      value: 0
      objectReference: {fileID: 0}
    - target: {fileID: 6330469283429575292, guid: 3e5e20fd8630d7d478f595020a039237,
        type: 3}
      propertyPath: m_LocalPosition.z
      value: -7
      objectReference: {fileID: 0}
    - target: {fileID: 6330469283429575292, guid: 3e5e20fd8630d7d478f595020a039237,
        type: 3}
      propertyPath: m_LocalRotation.w
      value: 1
      objectReference: {fileID: 0}
    - target: {fileID: 6330469283429575292, guid: 3e5e20fd8630d7d478f595020a039237,
        type: 3}
      propertyPath: m_LocalRotation.x
      value: -0
      objectReference: {fileID: 0}
    - target: {fileID: 6330469283429575292, guid: 3e5e20fd8630d7d478f595020a039237,
        type: 3}
      propertyPath: m_LocalRotation.y
      value: -0
      objectReference: {fileID: 0}
    - target: {fileID: 6330469283429575292, guid: 3e5e20fd8630d7d478f595020a039237,
        type: 3}
      propertyPath: m_LocalRotation.z
      value: -0
      objectReference: {fileID: 0}
    - target: {fileID: 6330469283429575292, guid: 3e5e20fd8630d7d478f595020a039237,
        type: 3}
      propertyPath: m_LocalEulerAnglesHint.x
      value: 0
      objectReference: {fileID: 0}
    - target: {fileID: 6330469283429575292, guid: 3e5e20fd8630d7d478f595020a039237,
        type: 3}
      propertyPath: m_LocalEulerAnglesHint.y
      value: 0
      objectReference: {fileID: 0}
    - target: {fileID: 6330469283429575292, guid: 3e5e20fd8630d7d478f595020a039237,
        type: 3}
      propertyPath: m_LocalEulerAnglesHint.z
      value: 0
      objectReference: {fileID: 0}
    m_RemovedComponents: []
  m_SourcePrefab: {fileID: 100100000, guid: 3e5e20fd8630d7d478f595020a039237, type: 3}
--- !u!4 &6990269815561367723 stripped
Transform:
  m_CorrespondingSourceObject: {fileID: 6330469283429575292, guid: 3e5e20fd8630d7d478f595020a039237,
    type: 3}
  m_PrefabInstance: {fileID: 3951967057141881559}
  m_PrefabAsset: {fileID: 0}
--- !u!1001 &5312633701743479416
PrefabInstance:
  m_ObjectHideFlags: 0
  serializedVersion: 2
  m_Modification:
    m_TransformParent: {fileID: 4716584474734062165}
    m_Modifications:
    - target: {fileID: 6330469283429575281, guid: 3e5e20fd8630d7d478f595020a039237,
        type: 3}
      propertyPath: m_Name
      value: _1a
      objectReference: {fileID: 0}
    - target: {fileID: 6330469283429575292, guid: 3e5e20fd8630d7d478f595020a039237,
        type: 3}
      propertyPath: m_RootOrder
      value: 4
      objectReference: {fileID: 0}
    - target: {fileID: 6330469283429575292, guid: 3e5e20fd8630d7d478f595020a039237,
        type: 3}
      propertyPath: m_LocalScale.x
      value: 1.053
      objectReference: {fileID: 0}
    - target: {fileID: 6330469283429575292, guid: 3e5e20fd8630d7d478f595020a039237,
        type: 3}
      propertyPath: m_LocalScale.y
      value: 1.053
      objectReference: {fileID: 0}
    - target: {fileID: 6330469283429575292, guid: 3e5e20fd8630d7d478f595020a039237,
        type: 3}
      propertyPath: m_LocalScale.z
      value: 1.053
      objectReference: {fileID: 0}
    - target: {fileID: 6330469283429575292, guid: 3e5e20fd8630d7d478f595020a039237,
        type: 3}
      propertyPath: m_LocalPosition.x
      value: 3.5
      objectReference: {fileID: 0}
    - target: {fileID: 6330469283429575292, guid: 3e5e20fd8630d7d478f595020a039237,
        type: 3}
      propertyPath: m_LocalPosition.y
      value: 0
      objectReference: {fileID: 0}
    - target: {fileID: 6330469283429575292, guid: 3e5e20fd8630d7d478f595020a039237,
        type: 3}
      propertyPath: m_LocalPosition.z
      value: -6
      objectReference: {fileID: 0}
    - target: {fileID: 6330469283429575292, guid: 3e5e20fd8630d7d478f595020a039237,
        type: 3}
      propertyPath: m_LocalRotation.w
      value: 1
      objectReference: {fileID: 0}
    - target: {fileID: 6330469283429575292, guid: 3e5e20fd8630d7d478f595020a039237,
        type: 3}
      propertyPath: m_LocalRotation.x
      value: -0
      objectReference: {fileID: 0}
    - target: {fileID: 6330469283429575292, guid: 3e5e20fd8630d7d478f595020a039237,
        type: 3}
      propertyPath: m_LocalRotation.y
      value: -0
      objectReference: {fileID: 0}
    - target: {fileID: 6330469283429575292, guid: 3e5e20fd8630d7d478f595020a039237,
        type: 3}
      propertyPath: m_LocalRotation.z
      value: -0
      objectReference: {fileID: 0}
    - target: {fileID: 6330469283429575292, guid: 3e5e20fd8630d7d478f595020a039237,
        type: 3}
      propertyPath: m_LocalEulerAnglesHint.x
      value: 0
      objectReference: {fileID: 0}
    - target: {fileID: 6330469283429575292, guid: 3e5e20fd8630d7d478f595020a039237,
        type: 3}
      propertyPath: m_LocalEulerAnglesHint.y
      value: 0
      objectReference: {fileID: 0}
    - target: {fileID: 6330469283429575292, guid: 3e5e20fd8630d7d478f595020a039237,
        type: 3}
      propertyPath: m_LocalEulerAnglesHint.z
      value: 0
      objectReference: {fileID: 0}
    m_RemovedComponents: []
  m_SourcePrefab: {fileID: 100100000, guid: 3e5e20fd8630d7d478f595020a039237, type: 3}
--- !u!4 &2188780693283610628 stripped
Transform:
  m_CorrespondingSourceObject: {fileID: 6330469283429575292, guid: 3e5e20fd8630d7d478f595020a039237,
    type: 3}
  m_PrefabInstance: {fileID: 5312633701743479416}
  m_PrefabAsset: {fileID: 0}
--- !u!1001 &6714433571996202080
PrefabInstance:
  m_ObjectHideFlags: 0
  serializedVersion: 2
  m_Modification:
    m_TransformParent: {fileID: 4716584474734062165}
    m_Modifications:
    - target: {fileID: 6330469283429575281, guid: 3e5e20fd8630d7d478f595020a039237,
        type: 3}
      propertyPath: m_Name
      value: _1a (1)
      objectReference: {fileID: 0}
    - target: {fileID: 6330469283429575292, guid: 3e5e20fd8630d7d478f595020a039237,
        type: 3}
      propertyPath: m_RootOrder
      value: 10
      objectReference: {fileID: 0}
    - target: {fileID: 6330469283429575292, guid: 3e5e20fd8630d7d478f595020a039237,
        type: 3}
      propertyPath: m_LocalScale.x
      value: 1.053
      objectReference: {fileID: 0}
    - target: {fileID: 6330469283429575292, guid: 3e5e20fd8630d7d478f595020a039237,
        type: 3}
      propertyPath: m_LocalScale.y
      value: 1.053
      objectReference: {fileID: 0}
    - target: {fileID: 6330469283429575292, guid: 3e5e20fd8630d7d478f595020a039237,
        type: 3}
      propertyPath: m_LocalScale.z
      value: 1.053
      objectReference: {fileID: 0}
    - target: {fileID: 6330469283429575292, guid: 3e5e20fd8630d7d478f595020a039237,
        type: 3}
      propertyPath: m_LocalPosition.x
      value: 0
      objectReference: {fileID: 0}
    - target: {fileID: 6330469283429575292, guid: 3e5e20fd8630d7d478f595020a039237,
        type: 3}
      propertyPath: m_LocalPosition.y
      value: 0
      objectReference: {fileID: 0}
    - target: {fileID: 6330469283429575292, guid: 3e5e20fd8630d7d478f595020a039237,
        type: 3}
      propertyPath: m_LocalPosition.z
      value: -2
      objectReference: {fileID: 0}
    - target: {fileID: 6330469283429575292, guid: 3e5e20fd8630d7d478f595020a039237,
        type: 3}
      propertyPath: m_LocalRotation.w
      value: 1
      objectReference: {fileID: 0}
    - target: {fileID: 6330469283429575292, guid: 3e5e20fd8630d7d478f595020a039237,
        type: 3}
      propertyPath: m_LocalRotation.x
      value: -0
      objectReference: {fileID: 0}
    - target: {fileID: 6330469283429575292, guid: 3e5e20fd8630d7d478f595020a039237,
        type: 3}
      propertyPath: m_LocalRotation.y
      value: -0
      objectReference: {fileID: 0}
    - target: {fileID: 6330469283429575292, guid: 3e5e20fd8630d7d478f595020a039237,
        type: 3}
      propertyPath: m_LocalRotation.z
      value: -0
      objectReference: {fileID: 0}
    - target: {fileID: 6330469283429575292, guid: 3e5e20fd8630d7d478f595020a039237,
        type: 3}
      propertyPath: m_LocalEulerAnglesHint.x
      value: 0
      objectReference: {fileID: 0}
    - target: {fileID: 6330469283429575292, guid: 3e5e20fd8630d7d478f595020a039237,
        type: 3}
      propertyPath: m_LocalEulerAnglesHint.y
      value: 0
      objectReference: {fileID: 0}
    - target: {fileID: 6330469283429575292, guid: 3e5e20fd8630d7d478f595020a039237,
        type: 3}
      propertyPath: m_LocalEulerAnglesHint.z
      value: 0
      objectReference: {fileID: 0}
    - target: {fileID: 6992465057980772408, guid: 3e5e20fd8630d7d478f595020a039237,
        type: 3}
      propertyPath: type
      value: 2
      objectReference: {fileID: 0}
    - target: {fileID: 6992465057980772408, guid: 3e5e20fd8630d7d478f595020a039237,
        type: 3}
      propertyPath: scoreRequire
      value: 150
      objectReference: {fileID: 0}
    m_RemovedComponents: []
  m_SourcePrefab: {fileID: 100100000, guid: 3e5e20fd8630d7d478f595020a039237, type: 3}
--- !u!4 &789305895537155612 stripped
Transform:
  m_CorrespondingSourceObject: {fileID: 6330469283429575292, guid: 3e5e20fd8630d7d478f595020a039237,
    type: 3}
  m_PrefabInstance: {fileID: 6714433571996202080}
  m_PrefabAsset: {fileID: 0}
--- !u!1001 &7768360895707842345
PrefabInstance:
  m_ObjectHideFlags: 0
  serializedVersion: 2
  m_Modification:
    m_TransformParent: {fileID: 4716584474734062165}
    m_Modifications:
    - target: {fileID: 6330469283429575281, guid: 3e5e20fd8630d7d478f595020a039237,
        type: 3}
      propertyPath: m_Name
      value: _1a (1)
      objectReference: {fileID: 0}
    - target: {fileID: 6330469283429575292, guid: 3e5e20fd8630d7d478f595020a039237,
        type: 3}
      propertyPath: m_RootOrder
      value: 7
      objectReference: {fileID: 0}
    - target: {fileID: 6330469283429575292, guid: 3e5e20fd8630d7d478f595020a039237,
        type: 3}
      propertyPath: m_LocalScale.x
      value: 1.053
      objectReference: {fileID: 0}
    - target: {fileID: 6330469283429575292, guid: 3e5e20fd8630d7d478f595020a039237,
        type: 3}
      propertyPath: m_LocalScale.y
      value: 1.053
      objectReference: {fileID: 0}
    - target: {fileID: 6330469283429575292, guid: 3e5e20fd8630d7d478f595020a039237,
        type: 3}
      propertyPath: m_LocalScale.z
      value: 1.053
      objectReference: {fileID: 0}
    - target: {fileID: 6330469283429575292, guid: 3e5e20fd8630d7d478f595020a039237,
        type: 3}
      propertyPath: m_LocalPosition.x
      value: -3.5
      objectReference: {fileID: 0}
    - target: {fileID: 6330469283429575292, guid: 3e5e20fd8630d7d478f595020a039237,
        type: 3}
      propertyPath: m_LocalPosition.y
      value: 0
      objectReference: {fileID: 0}
    - target: {fileID: 6330469283429575292, guid: 3e5e20fd8630d7d478f595020a039237,
        type: 3}
      propertyPath: m_LocalPosition.z
      value: -4
      objectReference: {fileID: 0}
    - target: {fileID: 6330469283429575292, guid: 3e5e20fd8630d7d478f595020a039237,
        type: 3}
      propertyPath: m_LocalRotation.w
      value: 1
      objectReference: {fileID: 0}
    - target: {fileID: 6330469283429575292, guid: 3e5e20fd8630d7d478f595020a039237,
        type: 3}
      propertyPath: m_LocalRotation.x
      value: -0
      objectReference: {fileID: 0}
    - target: {fileID: 6330469283429575292, guid: 3e5e20fd8630d7d478f595020a039237,
        type: 3}
      propertyPath: m_LocalRotation.y
      value: -0
      objectReference: {fileID: 0}
    - target: {fileID: 6330469283429575292, guid: 3e5e20fd8630d7d478f595020a039237,
        type: 3}
      propertyPath: m_LocalRotation.z
      value: -0
      objectReference: {fileID: 0}
    - target: {fileID: 6330469283429575292, guid: 3e5e20fd8630d7d478f595020a039237,
        type: 3}
      propertyPath: m_LocalEulerAnglesHint.x
      value: 0
      objectReference: {fileID: 0}
    - target: {fileID: 6330469283429575292, guid: 3e5e20fd8630d7d478f595020a039237,
        type: 3}
      propertyPath: m_LocalEulerAnglesHint.y
      value: 0
      objectReference: {fileID: 0}
    - target: {fileID: 6330469283429575292, guid: 3e5e20fd8630d7d478f595020a039237,
        type: 3}
      propertyPath: m_LocalEulerAnglesHint.z
      value: 0
      objectReference: {fileID: 0}
    m_RemovedComponents: []
  m_SourcePrefab: {fileID: 100100000, guid: 3e5e20fd8630d7d478f595020a039237, type: 3}
--- !u!4 &4329255938161962325 stripped
Transform:
  m_CorrespondingSourceObject: {fileID: 6330469283429575292, guid: 3e5e20fd8630d7d478f595020a039237,
    type: 3}
  m_PrefabInstance: {fileID: 7768360895707842345}
  m_PrefabAsset: {fileID: 0}
--- !u!1001 &7982568508100316407
PrefabInstance:
  m_ObjectHideFlags: 0
  serializedVersion: 2
  m_Modification:
    m_TransformParent: {fileID: 4716584474734062165}
    m_Modifications:
    - target: {fileID: 6330469283429575281, guid: 3e5e20fd8630d7d478f595020a039237,
        type: 3}
      propertyPath: m_Name
      value: _1a (1)
      objectReference: {fileID: 0}
    - target: {fileID: 6330469283429575292, guid: 3e5e20fd8630d7d478f595020a039237,
        type: 3}
      propertyPath: m_RootOrder
      value: 5
      objectReference: {fileID: 0}
    - target: {fileID: 6330469283429575292, guid: 3e5e20fd8630d7d478f595020a039237,
        type: 3}
      propertyPath: m_LocalScale.x
      value: 1.053
      objectReference: {fileID: 0}
    - target: {fileID: 6330469283429575292, guid: 3e5e20fd8630d7d478f595020a039237,
        type: 3}
      propertyPath: m_LocalScale.y
      value: 1.053
      objectReference: {fileID: 0}
    - target: {fileID: 6330469283429575292, guid: 3e5e20fd8630d7d478f595020a039237,
        type: 3}
      propertyPath: m_LocalScale.z
      value: 1.053
      objectReference: {fileID: 0}
    - target: {fileID: 6330469283429575292, guid: 3e5e20fd8630d7d478f595020a039237,
        type: 3}
      propertyPath: m_LocalPosition.x
      value: 0
      objectReference: {fileID: 0}
    - target: {fileID: 6330469283429575292, guid: 3e5e20fd8630d7d478f595020a039237,
        type: 3}
      propertyPath: m_LocalPosition.y
      value: 0
      objectReference: {fileID: 0}
    - target: {fileID: 6330469283429575292, guid: 3e5e20fd8630d7d478f595020a039237,
        type: 3}
      propertyPath: m_LocalPosition.z
      value: -4
      objectReference: {fileID: 0}
    - target: {fileID: 6330469283429575292, guid: 3e5e20fd8630d7d478f595020a039237,
        type: 3}
      propertyPath: m_LocalRotation.w
      value: 1
      objectReference: {fileID: 0}
    - target: {fileID: 6330469283429575292, guid: 3e5e20fd8630d7d478f595020a039237,
        type: 3}
      propertyPath: m_LocalRotation.x
      value: -0
      objectReference: {fileID: 0}
    - target: {fileID: 6330469283429575292, guid: 3e5e20fd8630d7d478f595020a039237,
        type: 3}
      propertyPath: m_LocalRotation.y
      value: -0
      objectReference: {fileID: 0}
    - target: {fileID: 6330469283429575292, guid: 3e5e20fd8630d7d478f595020a039237,
        type: 3}
      propertyPath: m_LocalRotation.z
      value: -0
      objectReference: {fileID: 0}
    - target: {fileID: 6330469283429575292, guid: 3e5e20fd8630d7d478f595020a039237,
        type: 3}
      propertyPath: m_LocalEulerAnglesHint.x
      value: 0
      objectReference: {fileID: 0}
    - target: {fileID: 6330469283429575292, guid: 3e5e20fd8630d7d478f595020a039237,
        type: 3}
      propertyPath: m_LocalEulerAnglesHint.y
      value: 0
      objectReference: {fileID: 0}
    - target: {fileID: 6330469283429575292, guid: 3e5e20fd8630d7d478f595020a039237,
        type: 3}
      propertyPath: m_LocalEulerAnglesHint.z
      value: 0
      objectReference: {fileID: 0}
    m_RemovedComponents: []
  m_SourcePrefab: {fileID: 100100000, guid: 3e5e20fd8630d7d478f595020a039237, type: 3}
--- !u!4 &4115621032979424907 stripped
Transform:
  m_CorrespondingSourceObject: {fileID: 6330469283429575292, guid: 3e5e20fd8630d7d478f595020a039237,
    type: 3}
  m_PrefabInstance: {fileID: 7982568508100316407}
  m_PrefabAsset: {fileID: 0}
--- !u!1001 &8245486308773313543
PrefabInstance:
  m_ObjectHideFlags: 0
  serializedVersion: 2
  m_Modification:
    m_TransformParent: {fileID: 4716584474734062165}
    m_Modifications:
    - target: {fileID: 6330469283429575281, guid: 3e5e20fd8630d7d478f595020a039237,
        type: 3}
      propertyPath: m_Name
      value: _1a (1)
      objectReference: {fileID: 0}
    - target: {fileID: 6330469283429575292, guid: 3e5e20fd8630d7d478f595020a039237,
        type: 3}
      propertyPath: m_RootOrder
      value: 3
      objectReference: {fileID: 0}
    - target: {fileID: 6330469283429575292, guid: 3e5e20fd8630d7d478f595020a039237,
        type: 3}
      propertyPath: m_LocalScale.x
      value: 1.053
      objectReference: {fileID: 0}
    - target: {fileID: 6330469283429575292, guid: 3e5e20fd8630d7d478f595020a039237,
        type: 3}
      propertyPath: m_LocalScale.y
      value: 1.053
      objectReference: {fileID: 0}
    - target: {fileID: 6330469283429575292, guid: 3e5e20fd8630d7d478f595020a039237,
        type: 3}
      propertyPath: m_LocalScale.z
      value: 1.053
      objectReference: {fileID: 0}
    - target: {fileID: 6330469283429575292, guid: 3e5e20fd8630d7d478f595020a039237,
        type: 3}
      propertyPath: m_LocalPosition.x
      value: -3.5
      objectReference: {fileID: 0}
    - target: {fileID: 6330469283429575292, guid: 3e5e20fd8630d7d478f595020a039237,
        type: 3}
      propertyPath: m_LocalPosition.y
      value: 0
      objectReference: {fileID: 0}
    - target: {fileID: 6330469283429575292, guid: 3e5e20fd8630d7d478f595020a039237,
        type: 3}
      propertyPath: m_LocalPosition.z
      value: -6
      objectReference: {fileID: 0}
    - target: {fileID: 6330469283429575292, guid: 3e5e20fd8630d7d478f595020a039237,
        type: 3}
      propertyPath: m_LocalRotation.w
      value: 1
      objectReference: {fileID: 0}
    - target: {fileID: 6330469283429575292, guid: 3e5e20fd8630d7d478f595020a039237,
        type: 3}
      propertyPath: m_LocalRotation.x
      value: -0
      objectReference: {fileID: 0}
    - target: {fileID: 6330469283429575292, guid: 3e5e20fd8630d7d478f595020a039237,
        type: 3}
      propertyPath: m_LocalRotation.y
      value: -0
      objectReference: {fileID: 0}
    - target: {fileID: 6330469283429575292, guid: 3e5e20fd8630d7d478f595020a039237,
        type: 3}
      propertyPath: m_LocalRotation.z
      value: -0
      objectReference: {fileID: 0}
    - target: {fileID: 6330469283429575292, guid: 3e5e20fd8630d7d478f595020a039237,
        type: 3}
      propertyPath: m_LocalEulerAnglesHint.x
      value: 0
      objectReference: {fileID: 0}
    - target: {fileID: 6330469283429575292, guid: 3e5e20fd8630d7d478f595020a039237,
        type: 3}
      propertyPath: m_LocalEulerAnglesHint.y
      value: 0
      objectReference: {fileID: 0}
    - target: {fileID: 6330469283429575292, guid: 3e5e20fd8630d7d478f595020a039237,
        type: 3}
      propertyPath: m_LocalEulerAnglesHint.z
      value: 0
      objectReference: {fileID: 0}
    m_RemovedComponents: []
  m_SourcePrefab: {fileID: 100100000, guid: 3e5e20fd8630d7d478f595020a039237, type: 3}
--- !u!4 &2717784220625852027 stripped
Transform:
  m_CorrespondingSourceObject: {fileID: 6330469283429575292, guid: 3e5e20fd8630d7d478f595020a039237,
    type: 3}
  m_PrefabInstance: {fileID: 8245486308773313543}
  m_PrefabAsset: {fileID: 0}
--- !u!1001 &8438209995072772351
PrefabInstance:
  m_ObjectHideFlags: 0
  serializedVersion: 2
  m_Modification:
    m_TransformParent: {fileID: 4716584474734062165}
    m_Modifications:
    - target: {fileID: 6330469283429575281, guid: 3e5e20fd8630d7d478f595020a039237,
        type: 3}
      propertyPath: m_Name
      value: _1a (1)
      objectReference: {fileID: 0}
    - target: {fileID: 6330469283429575292, guid: 3e5e20fd8630d7d478f595020a039237,
        type: 3}
      propertyPath: m_RootOrder
      value: 12
      objectReference: {fileID: 0}
    - target: {fileID: 6330469283429575292, guid: 3e5e20fd8630d7d478f595020a039237,
        type: 3}
      propertyPath: m_LocalScale.x
      value: 1.053
      objectReference: {fileID: 0}
    - target: {fileID: 6330469283429575292, guid: 3e5e20fd8630d7d478f595020a039237,
        type: 3}
      propertyPath: m_LocalScale.y
      value: 1.053
      objectReference: {fileID: 0}
    - target: {fileID: 6330469283429575292, guid: 3e5e20fd8630d7d478f595020a039237,
        type: 3}
      propertyPath: m_LocalScale.z
      value: 1.053
      objectReference: {fileID: 0}
    - target: {fileID: 6330469283429575292, guid: 3e5e20fd8630d7d478f595020a039237,
        type: 3}
      propertyPath: m_LocalPosition.x
      value: -3.5
      objectReference: {fileID: 0}
    - target: {fileID: 6330469283429575292, guid: 3e5e20fd8630d7d478f595020a039237,
        type: 3}
      propertyPath: m_LocalPosition.y
      value: 0
      objectReference: {fileID: 0}
    - target: {fileID: 6330469283429575292, guid: 3e5e20fd8630d7d478f595020a039237,
        type: 3}
      propertyPath: m_LocalPosition.z
      value: -2
      objectReference: {fileID: 0}
    - target: {fileID: 6330469283429575292, guid: 3e5e20fd8630d7d478f595020a039237,
        type: 3}
      propertyPath: m_LocalRotation.w
      value: 1
      objectReference: {fileID: 0}
    - target: {fileID: 6330469283429575292, guid: 3e5e20fd8630d7d478f595020a039237,
        type: 3}
      propertyPath: m_LocalRotation.x
      value: -0
      objectReference: {fileID: 0}
    - target: {fileID: 6330469283429575292, guid: 3e5e20fd8630d7d478f595020a039237,
        type: 3}
      propertyPath: m_LocalRotation.y
      value: -0
      objectReference: {fileID: 0}
    - target: {fileID: 6330469283429575292, guid: 3e5e20fd8630d7d478f595020a039237,
        type: 3}
      propertyPath: m_LocalRotation.z
      value: -0
      objectReference: {fileID: 0}
    - target: {fileID: 6330469283429575292, guid: 3e5e20fd8630d7d478f595020a039237,
        type: 3}
      propertyPath: m_LocalEulerAnglesHint.x
      value: 0
      objectReference: {fileID: 0}
    - target: {fileID: 6330469283429575292, guid: 3e5e20fd8630d7d478f595020a039237,
        type: 3}
      propertyPath: m_LocalEulerAnglesHint.y
      value: 0
      objectReference: {fileID: 0}
    - target: {fileID: 6330469283429575292, guid: 3e5e20fd8630d7d478f595020a039237,
        type: 3}
      propertyPath: m_LocalEulerAnglesHint.z
      value: 0
      objectReference: {fileID: 0}
    - target: {fileID: 6992465057980772408, guid: 3e5e20fd8630d7d478f595020a039237,
        type: 3}
      propertyPath: type
      value: 2
      objectReference: {fileID: 0}
    - target: {fileID: 6992465057980772408, guid: 3e5e20fd8630d7d478f595020a039237,
        type: 3}
      propertyPath: scoreRequire
      value: 100
      objectReference: {fileID: 0}
    m_RemovedComponents: []
  m_SourcePrefab: {fileID: 100100000, guid: 3e5e20fd8630d7d478f595020a039237, type: 3}
--- !u!4 &2504233448091284099 stripped
Transform:
  m_CorrespondingSourceObject: {fileID: 6330469283429575292, guid: 3e5e20fd8630d7d478f595020a039237,
    type: 3}
  m_PrefabInstance: {fileID: 8438209995072772351}
  m_PrefabAsset: {fileID: 0}
--- !u!1001 &8558143382519014003
PrefabInstance:
  m_ObjectHideFlags: 0
  serializedVersion: 2
  m_Modification:
    m_TransformParent: {fileID: 4716584474734062165}
    m_Modifications:
    - target: {fileID: 6330469283429575281, guid: 3e5e20fd8630d7d478f595020a039237,
        type: 3}
      propertyPath: m_Name
      value: _1a
      objectReference: {fileID: 0}
    - target: {fileID: 6330469283429575292, guid: 3e5e20fd8630d7d478f595020a039237,
        type: 3}
      propertyPath: m_RootOrder
      value: 6
      objectReference: {fileID: 0}
    - target: {fileID: 6330469283429575292, guid: 3e5e20fd8630d7d478f595020a039237,
        type: 3}
      propertyPath: m_LocalScale.x
      value: 1.053
      objectReference: {fileID: 0}
    - target: {fileID: 6330469283429575292, guid: 3e5e20fd8630d7d478f595020a039237,
        type: 3}
      propertyPath: m_LocalScale.y
      value: 1.053
      objectReference: {fileID: 0}
    - target: {fileID: 6330469283429575292, guid: 3e5e20fd8630d7d478f595020a039237,
        type: 3}
      propertyPath: m_LocalScale.z
      value: 1.053
      objectReference: {fileID: 0}
    - target: {fileID: 6330469283429575292, guid: 3e5e20fd8630d7d478f595020a039237,
        type: 3}
      propertyPath: m_LocalPosition.x
      value: 1.75
      objectReference: {fileID: 0}
    - target: {fileID: 6330469283429575292, guid: 3e5e20fd8630d7d478f595020a039237,
        type: 3}
      propertyPath: m_LocalPosition.y
      value: 0
      objectReference: {fileID: 0}
    - target: {fileID: 6330469283429575292, guid: 3e5e20fd8630d7d478f595020a039237,
        type: 3}
      propertyPath: m_LocalPosition.z
      value: -5
      objectReference: {fileID: 0}
    - target: {fileID: 6330469283429575292, guid: 3e5e20fd8630d7d478f595020a039237,
        type: 3}
      propertyPath: m_LocalRotation.w
      value: 1
      objectReference: {fileID: 0}
    - target: {fileID: 6330469283429575292, guid: 3e5e20fd8630d7d478f595020a039237,
        type: 3}
      propertyPath: m_LocalRotation.x
      value: -0
      objectReference: {fileID: 0}
    - target: {fileID: 6330469283429575292, guid: 3e5e20fd8630d7d478f595020a039237,
        type: 3}
      propertyPath: m_LocalRotation.y
      value: -0
      objectReference: {fileID: 0}
    - target: {fileID: 6330469283429575292, guid: 3e5e20fd8630d7d478f595020a039237,
        type: 3}
      propertyPath: m_LocalRotation.z
      value: -0
      objectReference: {fileID: 0}
    - target: {fileID: 6330469283429575292, guid: 3e5e20fd8630d7d478f595020a039237,
        type: 3}
      propertyPath: m_LocalEulerAnglesHint.x
      value: 0
      objectReference: {fileID: 0}
    - target: {fileID: 6330469283429575292, guid: 3e5e20fd8630d7d478f595020a039237,
        type: 3}
      propertyPath: m_LocalEulerAnglesHint.y
      value: 0
      objectReference: {fileID: 0}
    - target: {fileID: 6330469283429575292, guid: 3e5e20fd8630d7d478f595020a039237,
        type: 3}
      propertyPath: m_LocalEulerAnglesHint.z
      value: 0
      objectReference: {fileID: 0}
    m_RemovedComponents: []
  m_SourcePrefab: {fileID: 100100000, guid: 3e5e20fd8630d7d478f595020a039237, type: 3}
--- !u!4 &2386620099284994063 stripped
Transform:
  m_CorrespondingSourceObject: {fileID: 6330469283429575292, guid: 3e5e20fd8630d7d478f595020a039237,
    type: 3}
  m_PrefabInstance: {fileID: 8558143382519014003}
  m_PrefabAsset: {fileID: 0}
--- !u!1001 &8739875460155511021
PrefabInstance:
  m_ObjectHideFlags: 0
  serializedVersion: 2
  m_Modification:
    m_TransformParent: {fileID: 4716584474734062165}
    m_Modifications:
    - target: {fileID: 6330469283429575281, guid: 3e5e20fd8630d7d478f595020a039237,
        type: 3}
      propertyPath: m_Name
      value: _1a (7)
      objectReference: {fileID: 0}
    - target: {fileID: 6330469283429575292, guid: 3e5e20fd8630d7d478f595020a039237,
        type: 3}
      propertyPath: m_RootOrder
      value: 20
      objectReference: {fileID: 0}
    - target: {fileID: 6330469283429575292, guid: 3e5e20fd8630d7d478f595020a039237,
        type: 3}
      propertyPath: m_LocalScale.x
      value: 1.053
      objectReference: {fileID: 0}
    - target: {fileID: 6330469283429575292, guid: 3e5e20fd8630d7d478f595020a039237,
        type: 3}
      propertyPath: m_LocalScale.y
      value: 1.053
      objectReference: {fileID: 0}
    - target: {fileID: 6330469283429575292, guid: 3e5e20fd8630d7d478f595020a039237,
        type: 3}
      propertyPath: m_LocalScale.z
      value: 1.053
      objectReference: {fileID: 0}
    - target: {fileID: 6330469283429575292, guid: 3e5e20fd8630d7d478f595020a039237,
        type: 3}
      propertyPath: m_LocalPosition.x
      value: 0
      objectReference: {fileID: 0}
    - target: {fileID: 6330469283429575292, guid: 3e5e20fd8630d7d478f595020a039237,
        type: 3}
      propertyPath: m_LocalPosition.y
      value: 0
      objectReference: {fileID: 0}
    - target: {fileID: 6330469283429575292, guid: 3e5e20fd8630d7d478f595020a039237,
        type: 3}
      propertyPath: m_LocalPosition.z
      value: 0
      objectReference: {fileID: 0}
    - target: {fileID: 6330469283429575292, guid: 3e5e20fd8630d7d478f595020a039237,
        type: 3}
      propertyPath: m_LocalRotation.w
      value: 1
      objectReference: {fileID: 0}
    - target: {fileID: 6330469283429575292, guid: 3e5e20fd8630d7d478f595020a039237,
        type: 3}
      propertyPath: m_LocalRotation.x
      value: -0
      objectReference: {fileID: 0}
    - target: {fileID: 6330469283429575292, guid: 3e5e20fd8630d7d478f595020a039237,
        type: 3}
      propertyPath: m_LocalRotation.y
      value: -0
      objectReference: {fileID: 0}
    - target: {fileID: 6330469283429575292, guid: 3e5e20fd8630d7d478f595020a039237,
        type: 3}
      propertyPath: m_LocalRotation.z
      value: -0
      objectReference: {fileID: 0}
    - target: {fileID: 6330469283429575292, guid: 3e5e20fd8630d7d478f595020a039237,
        type: 3}
      propertyPath: m_LocalEulerAnglesHint.x
      value: 0
      objectReference: {fileID: 0}
    - target: {fileID: 6330469283429575292, guid: 3e5e20fd8630d7d478f595020a039237,
        type: 3}
      propertyPath: m_LocalEulerAnglesHint.y
      value: 0
      objectReference: {fileID: 0}
    - target: {fileID: 6330469283429575292, guid: 3e5e20fd8630d7d478f595020a039237,
        type: 3}
      propertyPath: m_LocalEulerAnglesHint.z
      value: 0
      objectReference: {fileID: 0}
    - target: {fileID: 6992465057980772408, guid: 3e5e20fd8630d7d478f595020a039237,
        type: 3}
      propertyPath: type
      value: 2
      objectReference: {fileID: 0}
    - target: {fileID: 6992465057980772408, guid: 3e5e20fd8630d7d478f595020a039237,
        type: 3}
      propertyPath: scoreRequire
      value: 250
      objectReference: {fileID: 0}
    m_RemovedComponents: []
  m_SourcePrefab: {fileID: 100100000, guid: 3e5e20fd8630d7d478f595020a039237, type: 3}
--- !u!4 &3355214884704778897 stripped
Transform:
  m_CorrespondingSourceObject: {fileID: 6330469283429575292, guid: 3e5e20fd8630d7d478f595020a039237,
    type: 3}
  m_PrefabInstance: {fileID: 8739875460155511021}
  m_PrefabAsset: {fileID: 0}
--- !u!1001 &8824898567657202737
PrefabInstance:
  m_ObjectHideFlags: 0
  serializedVersion: 2
  m_Modification:
    m_TransformParent: {fileID: 4716584474734062165}
    m_Modifications:
    - target: {fileID: 6330469283429575281, guid: 3e5e20fd8630d7d478f595020a039237,
        type: 3}
      propertyPath: m_Name
      value: 2
      objectReference: {fileID: 0}
    - target: {fileID: 6330469283429575292, guid: 3e5e20fd8630d7d478f595020a039237,
        type: 3}
      propertyPath: m_RootOrder
      value: 0
      objectReference: {fileID: 0}
    - target: {fileID: 6330469283429575292, guid: 3e5e20fd8630d7d478f595020a039237,
        type: 3}
      propertyPath: m_LocalScale.x
      value: 1.053
      objectReference: {fileID: 0}
    - target: {fileID: 6330469283429575292, guid: 3e5e20fd8630d7d478f595020a039237,
        type: 3}
      propertyPath: m_LocalScale.y
      value: 1.053
      objectReference: {fileID: 0}
    - target: {fileID: 6330469283429575292, guid: 3e5e20fd8630d7d478f595020a039237,
        type: 3}
      propertyPath: m_LocalScale.z
      value: 1.053
      objectReference: {fileID: 0}
    - target: {fileID: 6330469283429575292, guid: 3e5e20fd8630d7d478f595020a039237,
        type: 3}
      propertyPath: m_LocalPosition.x
      value: 1.75
      objectReference: {fileID: 0}
    - target: {fileID: 6330469283429575292, guid: 3e5e20fd8630d7d478f595020a039237,
        type: 3}
      propertyPath: m_LocalPosition.y
      value: 0
      objectReference: {fileID: 0}
    - target: {fileID: 6330469283429575292, guid: 3e5e20fd8630d7d478f595020a039237,
        type: 3}
      propertyPath: m_LocalPosition.z
      value: -1
      objectReference: {fileID: 0}
    - target: {fileID: 6330469283429575292, guid: 3e5e20fd8630d7d478f595020a039237,
        type: 3}
      propertyPath: m_LocalRotation.w
      value: 1
      objectReference: {fileID: 0}
    - target: {fileID: 6330469283429575292, guid: 3e5e20fd8630d7d478f595020a039237,
        type: 3}
      propertyPath: m_LocalRotation.x
      value: -0
      objectReference: {fileID: 0}
    - target: {fileID: 6330469283429575292, guid: 3e5e20fd8630d7d478f595020a039237,
        type: 3}
      propertyPath: m_LocalRotation.y
      value: -0
      objectReference: {fileID: 0}
    - target: {fileID: 6330469283429575292, guid: 3e5e20fd8630d7d478f595020a039237,
        type: 3}
      propertyPath: m_LocalRotation.z
      value: -0
      objectReference: {fileID: 0}
    - target: {fileID: 6330469283429575292, guid: 3e5e20fd8630d7d478f595020a039237,
        type: 3}
      propertyPath: m_LocalEulerAnglesHint.x
      value: 0
      objectReference: {fileID: 0}
    - target: {fileID: 6330469283429575292, guid: 3e5e20fd8630d7d478f595020a039237,
        type: 3}
      propertyPath: m_LocalEulerAnglesHint.y
      value: 0
      objectReference: {fileID: 0}
    - target: {fileID: 6330469283429575292, guid: 3e5e20fd8630d7d478f595020a039237,
        type: 3}
      propertyPath: m_LocalEulerAnglesHint.z
      value: 0
      objectReference: {fileID: 0}
    - target: {fileID: 6992465057980772408, guid: 3e5e20fd8630d7d478f595020a039237,
        type: 3}
      propertyPath: type
      value: 2
      objectReference: {fileID: 0}
    - target: {fileID: 6992465057980772408, guid: 3e5e20fd8630d7d478f595020a039237,
        type: 3}
      propertyPath: scoreRequire
      value: 200
      objectReference: {fileID: 0}
    m_RemovedComponents: []
  m_SourcePrefab: {fileID: 100100000, guid: 3e5e20fd8630d7d478f595020a039237, type: 3}
--- !u!4 &3288206313029946957 stripped
Transform:
  m_CorrespondingSourceObject: {fileID: 6330469283429575292, guid: 3e5e20fd8630d7d478f595020a039237,
    type: 3}
  m_PrefabInstance: {fileID: 8824898567657202737}
  m_PrefabAsset: {fileID: 0}
--- !u!1001 &9193036880536702992
PrefabInstance:
  m_ObjectHideFlags: 0
  serializedVersion: 2
  m_Modification:
    m_TransformParent: {fileID: 4716584474734062165}
    m_Modifications:
    - target: {fileID: 6330469283429575281, guid: 3e5e20fd8630d7d478f595020a039237,
        type: 3}
      propertyPath: m_Name
      value: _1a
      objectReference: {fileID: 0}
    - target: {fileID: 6330469283429575292, guid: 3e5e20fd8630d7d478f595020a039237,
        type: 3}
      propertyPath: m_RootOrder
      value: 13
      objectReference: {fileID: 0}
    - target: {fileID: 6330469283429575292, guid: 3e5e20fd8630d7d478f595020a039237,
        type: 3}
      propertyPath: m_LocalScale.x
      value: 1
      objectReference: {fileID: 0}
    - target: {fileID: 6330469283429575292, guid: 3e5e20fd8630d7d478f595020a039237,
        type: 3}
      propertyPath: m_LocalScale.y
      value: 1
      objectReference: {fileID: 0}
    - target: {fileID: 6330469283429575292, guid: 3e5e20fd8630d7d478f595020a039237,
        type: 3}
      propertyPath: m_LocalScale.z
      value: 1
      objectReference: {fileID: 0}
    - target: {fileID: 6330469283429575292, guid: 3e5e20fd8630d7d478f595020a039237,
        type: 3}
      propertyPath: m_LocalPosition.x
      value: 3.5
      objectReference: {fileID: 0}
    - target: {fileID: 6330469283429575292, guid: 3e5e20fd8630d7d478f595020a039237,
        type: 3}
      propertyPath: m_LocalPosition.y
      value: 0
      objectReference: {fileID: 0}
    - target: {fileID: 6330469283429575292, guid: 3e5e20fd8630d7d478f595020a039237,
        type: 3}
      propertyPath: m_LocalPosition.z
      value: -2
      objectReference: {fileID: 0}
    - target: {fileID: 6330469283429575292, guid: 3e5e20fd8630d7d478f595020a039237,
        type: 3}
      propertyPath: m_LocalRotation.w
      value: 1
      objectReference: {fileID: 0}
    - target: {fileID: 6330469283429575292, guid: 3e5e20fd8630d7d478f595020a039237,
        type: 3}
      propertyPath: m_LocalRotation.x
      value: -0
      objectReference: {fileID: 0}
    - target: {fileID: 6330469283429575292, guid: 3e5e20fd8630d7d478f595020a039237,
        type: 3}
      propertyPath: m_LocalRotation.y
      value: -0
      objectReference: {fileID: 0}
    - target: {fileID: 6330469283429575292, guid: 3e5e20fd8630d7d478f595020a039237,
        type: 3}
      propertyPath: m_LocalRotation.z
      value: -0
      objectReference: {fileID: 0}
    - target: {fileID: 6330469283429575292, guid: 3e5e20fd8630d7d478f595020a039237,
        type: 3}
      propertyPath: m_LocalEulerAnglesHint.x
      value: 0
      objectReference: {fileID: 0}
    - target: {fileID: 6330469283429575292, guid: 3e5e20fd8630d7d478f595020a039237,
        type: 3}
      propertyPath: m_LocalEulerAnglesHint.y
      value: 0
      objectReference: {fileID: 0}
    - target: {fileID: 6330469283429575292, guid: 3e5e20fd8630d7d478f595020a039237,
        type: 3}
      propertyPath: m_LocalEulerAnglesHint.z
      value: 0
      objectReference: {fileID: 0}
    - target: {fileID: 6992465057980772408, guid: 3e5e20fd8630d7d478f595020a039237,
        type: 3}
      propertyPath: type
      value: 2
      objectReference: {fileID: 0}
    - target: {fileID: 6992465057980772408, guid: 3e5e20fd8630d7d478f595020a039237,
        type: 3}
      propertyPath: scoreRequire
      value: 150
      objectReference: {fileID: 0}
    m_RemovedComponents: []
  m_SourcePrefab: {fileID: 100100000, guid: 3e5e20fd8630d7d478f595020a039237, type: 3}
--- !u!4 &2904366647255235180 stripped
Transform:
  m_CorrespondingSourceObject: {fileID: 6330469283429575292, guid: 3e5e20fd8630d7d478f595020a039237,
    type: 3}
  m_PrefabInstance: {fileID: 9193036880536702992}
  m_PrefabAsset: {fileID: 0}
